3920 5806
340 374 402 440 168
585 371 724 424 Eerrcne.
999 368 1100 421 Senon.
1120 368 1209 419 Aean.
1325 363 1425 418 soron.
1446 359 1538 414 Gran.
1557 358 1610 413 BP.
1629 373 1655 426 p.
1673 355 1720 422 94,
1743 355 1785 408 14.

382 543 473 634 ἄγων
502 541 617 628 αὐτόν,
645 545 690 626 είς
717 535 759 633 ἣν
787 542 901 631 λόγιον
928 533 970 632 ἦν
1036 543 1173 598 eminane.
1236 562 1276 606 ne
1298 539 1339 606 ab
1362 539 1428 604 ullo
1451 542 1558 622 posset
1580 531 1731 609 interfici,
1755 532 1833 596 item

381 648 448 721 ὑπὸ
485 646 627 742 μηδενὸς
664 647 864 719 ἀπολέσθαι.
908 645 971 718 οὐκ
1068 665 1071 673 ·
1237 647 1299 713 fuit
1325 653 1357 712 et
1385 646 1469 731 vulpi
1492 683 1535 694 —
1558 642 1679 727 Iupiter
1703 639 1834 724 uulpem

283 829 286 838 ,
381 760 466 848 ἔχων
490 749 553 828 οὖν
577 752 606 840 ὅ,
631 786 664 826 τι
687 768 823 848 ποιῆσαι
846 751 865 826 ὃ
888 753 972 837 Ζεύς
1238 758 1271 819 in
1284 755 1422 839 lapidem
1435 751 1599 829 convertit,
1618 771 1731 816 cenem
1744 746 1834 815 caelo

381 863 442 958 τὴν
464 869 526 955 μὲν
550 863 756 949 α’πείίθοοσε,
781 859 843 934 τὸν
867 867 903 933 δὲ
927 866 972 946 είς
1237 861 1354 929 intulit

355 969 423 1044 οτὰ
438 971 543 1063 ἄστρα
558 969 721 1064 α’νήγογεν
738 968 833 1056 ἄξιον
846 975 970 1060 κρίνας.

1482 1073 1509 1124 p.
1528 1054 1572 1121 94,
1592 1056 1634 1109 16.

1274 1164 1370 1230 Cuius
1381 1169 1508 1229 exortus
1518 1162 1640 1247 origine
1650 1161 1836 1227 continetur

1239 1273 1310 1349 tali,
1350 1278 1387 1336 ut
1424 1269 1557 1355 Amphis
1593 1269 1836 1353 tragoediarum
1932 1282 1937 1297 ¹

1239 1379 1372 1463 scriptor
1392 1377 1503 1444 refert:
1527 1399 1598 1442 cum
1616 1375 1675 1441 sub
1694 1373 1836 1440 homini-

602 1493 707 1545 onitrlt.
1036 1489 1172 1542 omniane.
1239 1487 1298 1551 bus
1330 1486 1441 1551 stellae
1472 1484 1687 1567 relinquerent
1721 1483 1838 1558 locum,
1848 1490 1879 1544 10

1218 1595 1351 1691 ,missus
1371 1593 1496 1676 legatus
1511 1590 1606 1656 Canis
1624 1591 1665 1654 ad
1684 1589 1837 1673 Operam.

1238 1721 1333 1784 quam
1355 1706 1392 1764 ut
1418 1699 1499 1763 vidit
1522 1719 1559 1763 eo
1583 1703 1727 1782 tempore
1756 1701 1837 1762 tem·

1238 1808 1391 1891 pestivem
1406 1827 1483 1883 esse,
1498 1805 1665 1870 adamavit
1690 1804 1749 1890 qui
1765 1825 1836 1868 cum

1240 1913 1389 1998 flagraret
1411 1933 1517 1978 amore
1541 1934 1599 1978 nec
1624 1917 1735 1996 posset
1763 1911 1837 1988 frui,

1238 2023 1339 2106 magis
1348 2021 1490 2105 asperius
1498 2019 1620 2086 urebat
1644 2025 1679 2084 at
1687 2019 1837 2085 homines
1847 2027 1877 2080 15

1239 2129 1419 2195 calamitate
1433 2133 1564 2212 accepta
1577 2127 1653 2194 deos
1667 2126 1836 2192 adiutores

1239 2237 1387 2302 invocare
1406 2240 1585 2319 caeperunt.
1618 2240 1695 2300 tunc
1714 2233 1837 2317 Aquilo

1239 2341 1326 2408 misit
1340 2341 1422 2408 filios
1436 2342 1661 2418 adulescentes,
1676 2342 1733 2424 qui
1749 2341 1836 2425 Opo-

1239 2471 1308 2514 ram
1336 2448 1414 2514 Cani
1441 2449 1613 2514 traderent
1654 2449 1722 2534 ipse
1758 2447 1837 2513 flatu

1240 2576 1297 2621 suc
1321 2555 1415 2622 Canis
1441 2557 1588 2621 ardorem
1614 2556 1747 2622 sedavit.
1782 2555 1877 2638 quito

1239 2661 1335 2730 flatus
1368 2663 1484 2730 etesiae
1512 2664 1668 2729 dicuutur.
1716 2663 1837 2728 amoris

1240 2776 1345 2836 autem
1364 2769 1515 2836 memoria
1532 2771 1683 2836 remansit
1702 2791 1741 2835 eo
1756 2777 1837 2834 tem-

1240 2899 1325 2964 pore,
1347 2899 1410 2961 quo
1433 2877 1540 2962 Opera
1562 2878 1598 2942 id
1623 2883 1667 2942 est
1687 2877 1836 2959 pomatio

1241 2991 1297 3063 est,
1321 3007 1392 3051 eum
1415 2985 1491 3050 oriri
1514 2985 1790 3051 ferventissimum

338 3106 372 3159 25
420 3088 546 3182 Ἕτεροι
572 3095 609 3161 de'
632 3111 735 3177 φασιν
761 3087 865 3160 αὐτὸν
890 3092 975 3161 εἶναι
1286 3092 1350 3158 Alii
1381 3098 1489 3158 autem
1518 3092 1602 3157 hanc
1628 3115 1695 3158 esse
1722 3093 1873 3156 dicunt‘re

382 3199 469 3268 κύνα
486 3196 641 3288 Ὠρίωνος
664 3204 721 3267 καί
739 3204 815 3288 περὶ
833 3195 893 3280 τὰς
911 3199 974 3290 dri-
1240 3201 1367 3268 Orionis
1392 3199 1507 3266 Canem
1532 3221 1664 3284 eumque
1687 3199 1835 3263 omnibus

381 3335 441 3395 ρας
467 3309 633 3394 γινομένῳ
662 3308 882 3390 συνέπεσθαι,
916 3334 973 3374 κα-
1241 3310 1316 3374 feris
1336 3307 1487 3373 immitem
1511 3307 1607 3373 luisse
1625 3328 1696 3370 cum
1715 3307 1834 3372 Orione

383 3413 496 3501 einen
542 3418 599 3481 καὶ
643 3429 715 3493 τοῖς
759 3424 977 3502 κυνηγοτοῦοι
1241 3416 1399 3481 sideribus
1422 3414 1626 3480 conlocatum.

382 3531 465 3590 ader
510 3514 550 3588 τὸ
590 3529 678 3608 ζῴον
721 3519 976 3607 σοναμύνασθοι
1394 3525 1405 3546 ·

337 3666 523 3720 Trsrrnorun.
546 3663 624 3718 Ouid.
642 3663 707 3730 [ast.
727 3664 748 3717 I
751 3665 776 3718 V
786 3669 849 3718 939.
873 3665 973 3718 V723.
1245 3665 1274 3718 V.
1296 3664 1491 3733 Prclepcneena
1506 3680 1536 3731 p.
1555 3667 1603 3718 20.

374 3753 416 3820 Of.
449 3755 532 3807 etiam
563 3754 644 3808 schol.
676 3753 714 3807 Il.
749 3753 780 3806 X
809 3757 855 3807 29.
892 3753 973 3808 schol.
1276 3771 1289 3809 a
1317 3753 1393 3807 caelo
1421 3755 1534 3821 scripsi:
1566 3754 1643 3808 caelo
1675 3753 1702 3808 ln
1731 3753 1815 3808 astris
1841 3750 1872 3802 B.
1942 3721 1945 3808 i

340 3843 427 3911 Apoll.
447 3843 474 3896 B
493 3845 554 3897 517.
573 3841 643 3896 Poll.
668 3842 694 3896 V
709 3845 754 3896 42.
1242 3842 1319 3897 caelo
1334 3842 1415 3896 astris
1429 3841 1462 3895 P.
1477 3842 1505 3896 in
1522 3842 1591 3897 caeli
1607 3841 1689 3897 astris
1703 3846 1730 3914 β,
1750 3841 1831 3911 qaod,
1844 3837 1873 3890 ni
1943 3875 1945 3884 2

373 3950 384 3986 1
404 3926 491 3986 αὐτόν
508 3933 621 4000 scripsi:
639 3925 727 4000 αὐτήν
745 3930 815 3984 latri.
1240 3931 1334 4000 fallar,
1356 3931 1499 3998 scriptoris
1517 3931 1714 3986 ccncnetadini
1731 3931 1871 4000 repnpnat.
1942 3889 1945 4008 i

1276 4019 1424 4089 sAmphis
1448 4021 1618 4075 Meinelriac:
1645 4021 1793 4088 Amphiam
1816 4015 1870 4071 BP.
1944 4055 1945 4058 η

337 4111 418 4168 asub
438 4109 604 4165 homiuibus:
633 4110 716 4164 verda
739 4115 833 4178 aperte
855 4109 956 4164 edicta
979 4126 1084 4164 sanare
1105 4125 1217 4178 nequeo.
1246 4110 1302 4162 aiei
1323 4109 1399 4175 forte
1422 4109 1485 4179 lepit
1509 4105 1540 4164 ἐν
1558 4104 1724 4180 ἀνθρώποις
1748 4110 1782 4175 cs.
1803 4103 1874 4160 XLI

340 4195 444 4270 Κόραξ.
485 4216 596 4253 aenean
613 4198 728 4265 fabellae
743 4199 906 4266 ρνονίοοίοιο
924 4199 1058 4254 incedent
1077 4199 1240 4267 Breyer'pine
1259 4197 1326 4251 dnm
1343 4199 1384 4251 ita
1402 4199 1510 4252 emelii:
1533 4215 1594 4253 cum
1614 4199 1704 4253 subito
1724 4196 1871 4254 hominibus

338 4294 447 4358 segetes
466 4286 672 4355 delinquerent,
696 4286 772 4342 illico
790 4288 889 4342 missus
908 4304 931 4343 e.
952 4305 976 4356 q.
997 4305 1019 4343 e.
1043 4289 1177 4341 nimirum
1199 4288 1230 4341 id
1252 4289 1343 4355 ipram
1361 4287 1509 4341 dicendam
1528 4293 1600 4354 nal,
1621 4287 1740 4355 praedam
1761 4295 1870 4354 ternpore

337 4378 430 4431 mellae
448 4377 545 4443 ίοοοοι,
565 4390 644 4444 qnam
663 4391 787 4443 quaeqae
804 4377 836 4430 in
854 4377 930 4430 caelo
949 4382 1076 4445 cceapal,
1096 4383 1148 4430 ant
1165 4377 1307 4446 reliquisse
1325 4382 1377 4430 ant
1395 4377 1551 4443 relinquere
1565 4377 1704 4446 potuisse,
1724 4382 1756 4430 nt
1774 4373 1869 4430 intelle·

335 4471 455 4535 peretur,
479 4465 614 4532 quonecdo
640 4463 777 4519 Canicula
801 4465 839 4518 ad
860 4465 981 4534 Operam
1000 4467 1071 4520 mitti
1085 4472 1185 4534 pessel.
1226 4481 1314 4533 raeque
1332 4465 1404 4518 enim
1421 4463 1453 4517 iel
1471 4465 1574 4534 apitnr,
1597 4471 1629 4518 nt
1647 4466 1804 4534 replicetur,
1826 4475 1870 4514 aar

339 4553 424 4608 Oanis
442 4555 514 4608 inter
532 4554 625 4608 sidera
643 4555 748 4608 relatus
766 4554 809 4625 eit,
829 4554 877 4609 aed
894 4555 987 4624 potine
1006 4572 1057 4609 aar
1076 4561 1148 4609 certo
1167 4556 1239 4608 arani
1256 4559 1374 4622 ternpore
1394 4553 1533 4608 Canicula
1550 4553 1692 4620 fervescat.
1762 4571 1786 4610 11
1806 4551 1868 4620 epo·

338 4659 396 4698 ram
411 4643 580 4698 Menekine:
598 4643 720 4698 dolerem
738 4644 799 4698 BP.
839 4662 865 4700 ιν
880 4661 960 4713 quam
980 4651 1011 4698 ut
1034 4643 1066 4698 U:
1084 4661 1144 4698 cum
1160 4642 1242 4698 BPS.
1280 4661 1307 4700 14
1320 4659 1413 4699 amore
1431 4643 1464 4698 U:
1483 4660 1602 4698 amorem
1617 4643 1701 4699 BPS.
1739 4641 1869 4701 merebat

342 4734 582 4788 Wdamcwr'leins:
600 4732 731 4788 urebatur
749 4733 807 4787 BP.
864 4750 890 4789 ιο
908 4740 1023 4803 accepta
1044 4733 1076 4788 U:
1103 4733 1211 4803 accepti
1230 4733 1290 4788 BP.
1345 4751 1370 4788 er
1390 4733 1489 4788 amoris
1509 4732 1567 4787 SU:
1585 4733 1667 4787 merle
1685 4733 1748 4788 BP.
1803 4749 1826 4788 rc
1842 4727 1866 4782 id

338 4830 380 4879 est
394 4821 514 4892 pomatio
529 4829 570 4876 eet
585 4839 646 4878 eum
661 4822 727 4878 eriri
741 4827 773 4894 st:
792 4822 820 4877 id
835 4829 877 4878 est
891 4822 1028 4892 pomatioe
1043 4838 1092 4878 seu
1103 4822 1197 4878 moriri
1207 4823 1241 4877 B.
1253 4822 1281 4877 id
1292 4829 1335 4880 est
1345 4822 1464 4893 parratio
1475 4823 1637 4878 eseumeriri
1648 4823 1679 4877 P.
1717 4820 1866 4880 securibus
1944 4889 1945 4896 ρ

337 4912 404 4968 ferie
423 4911 570 4966 immitem:
590 4913 680 4981 lepide
699 4929 791 4968 errore
809 4914 944 4980 interpres
962 4909 1045 4966 verba
1064 4906 1108 4966 διὰ
1128 4907 1161 4966 τὸ
1180 4910 1268 4982 μηδὲν
1282 4907 1448 4968 ἀπολείπειν
1462 4916 1518 4967 τῶν
1533 4906 1755 4985 συμβεβηκότων
1769 4907 1865 4982 Ὠρίων
1944 4923 1945 4996 ρ

339 5004 381 5062 ita
395 5002 528 5080 reddidit,
544 5009 686 5075 tamqnam
702 5005 781 5060 cante
793 5004 920 5072 {aarum
934 5017 996 5067 earn
1013 5001 1115 5056 Orione
1129 5017 1339 5086 conpreeeararn
1353 5003 1460 5068 nnllam
1474 5005 1564 5058 aivam
1577 5001 1719 5084 reliqnisee
1733 5001 1865 5065 arceram
1944 5039 1945 5056 r
