3920 5806
339 395 403 460 236

335 573 534 659 paucissimis
566 574 709 642 versibus
742 575 935 659 interpositis
966 573 1062 640 facit?
1099 576 1154 641 sed
1187 579 1222 640 ut
1253 580 1320 640 tam
1350 575 1550 643 incredibilia
1582 575 1760 653 credamus,
1790 577 1877 642 nullo

336 682 429 788 modo
452 681 581 750 secundi
607 681 782 748 testimonii
809 684 982 748 auctoritas
1009 680 1141 767 infringi
1162 686 1281 768 potest:
1313 682 1487 767 interponit
1508 682 1588 748 baso
1613 679 1711 748 verba
1732 681 1875 767 Hyginus

336 789 455 856 Arietis
479 788 681 875 explicationi
705 811 744 854 ex
762 789 996 856 Catasterismis
1019 790 1178 866 redditae;
1201 790 1304 856 eidem
1326 791 1528 874 explicatIoni
1551 791 1615 856 alia
1636 811 1761 875 quoque
1780 791 1876 868 addit,

336 919 416 982 quae
444 919 515 963 cum
542 897 583 962 ab
610 897 822 962 Eratosthene
851 897 956 962 aliena
982 898 1059 974 sint,
1086 896 1226 962 Fabulae
1253 896 1285 962 II
1313 904 1459 964 accurate
1485 898 1707 982 respondeant
1734 918 1761 964 v.
1785 896 1875 963 cata

335 1005 469 1070 storiam.
497 1004 607 1088 fragm.
640 1027 669 1088 p.
701 1004 763 1069 125
795 1009 827 1070 et
854 1003 1081 1088 Prolegomena
1111 1027 1141 1088 p.
1173 1003 1222 1068 15.
1254 1004 1329 1071 hinc
1360 1007 1459 1090 igitur
1490 1027 1560 1072 meo
1592 1006 1662 1070 iure
1695 1004 1876 1072 concludere

334 1111 414 1177 mihi
436 1111 545 1178 videor
567 1111 721 1178 Fabulam
743 1111 775 1176 11
798 1110 838 1178 ab
862 1110 1001 1196 Hygino,
1027 1132 1090 1177 non
1113 1110 1153 1176 ab
1177 1111 1407 1195 interpolatore
1430 1113 1565 1198 quodam
1589 1111 1763 1197 profectam
1788 1119 1820 1178 et
1838 1135 1873 1178 cx

335 1219 446 1286 eodem
467 1219 700 1305 mytbographc
721 1239 836 1304 graeco
857 1218 1006 1286 haustam
1028 1240 1110 1297 esse,
1136 1239 1230 1302 quem
1252 1218 1397 1304 Hyginus
1420 1225 1487 1286 tum
1510 1240 1648 1304 qnoque,
1674 1241 1745 1285 oum
1769 1219 1872 1286 Astro-
1942 1277 1943 1308 ,

334 1326 452 1410 logiam
478 1326 704 1404 conscriberet,
730 1327 850 1412 passim
877 1326 1043 1394 consuluit.
1075 1331 1110 1392 at
1137 1327 1164 1394 si
1191 1327 1225 1390 iu
1249 1325 1451 1410 Genealogiis
1478 1327 1558 1393 baec
1579 1326 1689 1394 fabula
1710 1328 1870 1404 extitisset,

333 1433 479 1518 Hyginus
500 1457 564 1500 non
588 1435 725 1500 atomus
747 1434 937 1520 scripsisset,
964 1435 1020 1500 sed
1045 1433 1193 1498 cluimus.
1227 1433 1276 1498 his
1300 1434 1445 1500 omnibus
1467 1435 1631 1518 perpensis
1653 1435 1789 1519 adparet
1811 1456 1874 1498 eam

334 1561 416 1624 quae
439 1541 472 1606 in
494 1540 686 1607 Fabularum
709 1540 792 1608 libro
815 1543 855 1607 de
879 1541 996 1607 Phrixo
1020 1541 1136 1626 legitur
1158 1541 1372 1606 narrationem
1394 1541 1437 1606 ad
1459 1543 1591 1606 tertium
1612 1542 1743 1626 aliquod
1760 1542 1873 1626 Hygini
1942 1575 1943 1626 j

335 1669 414 1733 opus
436 1647 635 1716 referendam
663 1671 743 1730 esse,
773 1650 856 1734 quod
885 1671 956 1715 cum
978 1647 1191 1731 Astrologiam
1218 1654 1435 1732 componeret,
1461 1669 1525 1714 non
1548 1651 1718 1735 scripserat
1741 1649 1872 1734 quidem,

334 1757 390 1822 sed
411 1754 555 1841 parabat.
592 1756 677 1822 idem
705 1777 784 1841 opus
812 1757 909 1822 etiam
936 1756 993 1821 ubi
1021 1756 1060 1822 de
1085 1755 1234 1840 Gorgona
1261 1777 1363 1821 sermo
1386 1761 1435 1821 cst
1456 1778 1485 1840 p.
1505 1756 1559 1834 46,
1576 1757 1620 1822 22
1642 1757 1778 1822 indicari
1801 1756 1871 1822 satis
1942 1799 1943 1826 i

334 1861 540 1942 confidenter,
568 1863 622 1929 ubi
649 1863 689 1929 de
717 1864 821 1929 Diana
843 1887 872 1948 p.
898 1863 950 1941 73,
969 1863 1025 1942 21,
1052 1861 1251 1929 dubitantius
1274 1868 1388 1929 statue.
1421 1863 1634 1929 intelleximus
1657 1864 1756 1947 igitur
1779 1863 1872 1948 Hygi-

333 1991 409 2036 num
436 1976 510 2038 ante
532 1970 744 2054 Astrologiam
769 1971 990 2055 Genealogias,
1016 1975 1089 2054 post
1116 1970 1329 2053 Astrologiam
1352 1969 1550 2035 enchiridion
1572 1969 1872 2058 mythologicum,³⁰)

334 2078 420 2162 quod
447 2077 480 2142 in
512 2079 643 2144 deorum
668 2076 862 2162 beroumque
889 2077 1032 2142 historiis
1055 2078 1248 2162 exponendis
1271 2084 1463 2156 temeretur,
1491 2078 1715 2162 composuisse,
1744 2080 1794 2143 otri
1815 2077 1871 2143 Fa-

332 2185 425 2252 bulas
452 2184 582 2251 titulum
609 2184 706 2251 fuisse
733 2185 799 2251 veri
829 2205 893 2250 non
921 2189 970 2251 est
1002 2183 1161 2252 dissimile
1193 2185 1360 2270 utriusque
1386 2185 1490 2269 operis
1523 2179 1741 2269 compendium
1769 2187 1871 2252 multis

333 2313 409 2360 sane
442 2291 724 2358 diversissimarum
756 2297 898 2358 aetatum
930 2291 1227 2396 interpolationibps
1257 2293 1458 2376 inquinatum
1484 2290 1675 2390 Fabularnm
1706 2293 1789 2360 liber
1819 2299 1871 2370 est,

333 2422 426 2485 quem
455 2421 513 2465 nos
541 2403 696 2480 tenemus3
725 2400 866 2465 sedium
890 2399 968 2466 satis
990 2401 1122 2485 antiquo
1144 2406 1299 2484 tempore,
1325 2400 1427 2466 altero
1450 2400 1598 2466 nimirum
1619 2406 1692 2483 post
1715 2399 1871 2466 Christum

333 2508 458 2574 saeculo
482 2514 626 2584 exeunte,
649 2513 784 2591 uterque
807 2506 890 2572 liber
911 2513 1043 2591 propter
1064 2508 1242 2590 argumenti
1261 2505 1449 2572 affinitatem
1468 2508 1500 2572 in
1518 2529 1617 2573 unum
1635 2506 1789 2574 conflatus
1806 2529 1871 2574 esse

332 2615 466 2681 videtur.
498 2636 573 2680 nam
590 2614 708 2700 Hygini
727 2613 929 2698 Genealogia,
952 2636 1047 2699 quam
1064 2615 1235 2680 Dositheus
1259 2615 1408 2698 magister
1431 2614 1480 2679 III
1498 2614 1545 2680 Id.
1564 2614 1649 2698 Sept
1668 2615 1743 2679 anni
1764 2615 1871 2680 CCVII
1942 2689 1943 2692 Ἴ

332 2744 362 2806 p.
387 2721 459 2788 chr.
491 2720 574 2806 Apio
597 2728 630 2787 et
652 2721 790 2788 Maximo
818 2722 999 2788 oonsulibus
1028 2723 1208 2806 descripsit,
1235 2743 1392 2806 quamque
1415 2723 1500 2788 idem
1526 2721 1582 2788 illa
1604 2727 1710 2788 aetate
1732 2722 1872 2788 omnibns

332 2833 441 2895 notam
464 2848 532 2894 esse
555 2827 711 2908 adfirmat,
734 2834 767 2894 et
789 2829 988 2914 genealogias
1012 2835 1044 2894 et
1066 2829 1217 2895 historias
1240 2829 1422 2895 coniunctas
1444 2829 1719 2912 complectebatur.

423 2933 471 2999 De
494 2933 611 3018 Hygini
638 2957 773 3019 persona
800 2945 895 3020 atque
922 2942 1027 3002 aetate
1051 2937 1206 3002 Bursiano
1234 2957 1363 3019 prorsus
1391 2935 1565 3013 adsenti0r;
1595 2936 1735 3002 diversus
1764 2943 1811 3002 cst
1831 2935 1869 3002 ab

335 3041 471 3125 Augusti
493 3041 609 3108 liberto
632 3064 734 3129 neque
756 3049 830 3110 ante
853 3044 989 3110 alterum
1011 3065 1041 3128 p.
1064 3043 1137 3110 Chr.
1165 3044 1323 3109 saeculum
1345 3043 1459 3108 vixisse
1481 3047 1599 3126 potest,
1627 3065 1697 3108 cnm
1720 3065 1759 3108 ne
1783 3042 1868 3108 Cata

334 3149 496 3216 sterismos
514 3150 642 3234 quidem
659 3156 734 3215 ante
752 3149 839 3215 illam
857 3157 995 3217 aetatem
1017 3153 1050 3216 in
1069 3173 1147 3229 cam,
1166 3171 1261 3234 quam
1278 3150 1422 3235 Hyginus
1441 3152 1599 3234 cognitam
1616 3150 1723 3228 habet,
1741 3148 1867 3216 formam

333 3257 479 3323 redactos
502 3277 570 3323 esse
593 3279 689 3342 supra
710 3258 957 3324 intellexerimus
980 3281 1008 3324 v.
1032 3259 1258 3342 Prolegomena
1279 3280 1309 3342 p.
1333 3257 1383 3322 35.
1448 3267 1453 3280 '

423 3488 456 3556 ⁸⁰)
475 3487 586 3545 Leviori
615 3489 723 3544 cnidum
751 3495 912 3560 argumento
944 3489 973 3545 iu
1006 3488 1183 3545 adnotatione
1215 3489 1315 3544 saltem
1343 3488 1418 3544 locus
1446 3487 1638 3544 concedendus
1667 3503 1727 3542 esse
1755 3487 1864 3543 videtur.

334 3577 515 3633 Phaethontis
541 3577 663 3633 fabulum
693 3579 787 3647 paullo
810 3579 894 3634 latius
918 3580 1044 3649 exponit,
1070 3596 1150 3648 qnam
1179 3580 1252 3650 apud
1276 3580 1488 3634 Eratosthenem
1515 3578 1628 3634 invenit.
1661 3578 1766 3633 Astrol.
1790 3579 1865 3634 1142

334 3669 378 3735 (=
397 3667 498 3724 Catast.
519 3665 616 3737 fragm.
636 3669 727 3724 XLIII
746 3687 772 3739 p.
793 3669 857 3735 195,
878 3671 1001 3736 19-22)
1026 3669 1059 3724 dc
1082 3685 1136 3736 qao
1155 3670 1343 3738 complures
1367 3669 1542 3734 dicerunt,
1566 3674 1598 3721 ut
1617 3668 1710 3736 patras
1728 3668 1865 3722 inscienter

334 3773 355 3811 e.
367 3771 422 3824 gs.
447 3756 525 3826 utqui
548 3759 663 3812 eandem
686 3757 819 3813 bisterIae
843 3758 957 3812 formam
980 3759 1016 3814 ab
1035 3757 1143 3829 Hygino
1163 3759 1246 3814 etiam
1270 3757 1300 3812 in
1319 3757 1433 3813 Fabulis
1452 3759 1504 3813 152
1523 3757 1658 3828 prolatam
1678 3772 1739 3811 esse
1759 3756 1810 3812 lam
1827 3757 1863 3810 in·

334 3845 501 3902 telleximus.
528 3845 623 3915 itaque
646 3847 670 3902 si
693 3847 817 3904 Fabulae
841 3855 906 3904 ante
925 3848 1110 3917 Astrologiam
1130 3848 1221 3904 editae
1240 3847 1369 3914 fuissent,
1394 3847 1519 3918 Hyginus
1542 3847 1571 3901 ni
1589 3846 1674 3901 fallor
1692 3845 1737 3901 bic
1757 3861 1863 3915 quoqne,

334 3935 405 3991 sicut
419 3937 447 3991 II
461 3936 495 3990 12
511 3941 539 3990 et
556 3937 597 4001 17,
617 3935 651 3988 ud
671 3953 748 3990 suum
768 3937 868 3991 librcrn
888 3938 1006 3993 lectores
1024 3938 1176 4008 relegasset
1196 3944 1224 3993 et
1242 3937 1282 3992 ita
1300 3937 1359 3992 sere
1378 3937 1548 4006 scrIpsisset:
1568 3935 1601 3990 de
1620 3951 1674 4004 quo
1692 3941 1718 3990 et
1737 3937 1788 3990 alii
1801 3951 1863 3990 rom·

330 4027 427 4094 plures
445 4030 472 4080 et
488 4041 540 4079 nos
558 4024 687 4080 dabimus.
