3920 5806
230 633 322 702 coe.
347 635 598 704 Stronzinnus.
1021 635 1105 702 eon.
1129 637 1398 722 Frisingensis.

198 759 215 824 1
243 783 278 844 p.
305 761 376 838 142,
401 762 554 840 8-143,
580 763 628 828 12.
1153 762 1215 830 fab.
1241 765 1268 828 1.

79 867 240 950 [Arietem
261 889 411 949 namqrn,
429 873 465 934 at
483 868 642 934 Hesiodus
660 875 688 934 et
708 869 788 936 Phc-
884 867 1043 932 Athamas
1059 867 1154 933 Aeol-i
1171 869 1260 950 fitius
1278 871 1389 935 habuit
1406 891 1444 936 ea
1456 869 1581 935 Nebrda

42 973 159 1054 rccydes
194 973 330 1052 dicant,
363 976 448 1040 inter
474 980 565 1040 astra
593 975 788 1042 conlocatam
840 994 938 1038 uxore
950 973 1055 1053 filiam
1063 975 1263 1040 Pheia-romei
1275 977 1380 1057 filiam
1388 975 1579 1042 Hellen...

38 1083 162 1160 propter
183 1079 353 1146 Phrixum
371 1081 558 1166 attichian]
581 1083 789 1148 Athamantis
885 1081 947 1147 fab.
971 1081 999 1145 2.
1041 1103 1099 1146 rea
1128 1082 1272 1164 fadnore
1303 1085 1426 1166 coquito
1453 1105 1582 1150 oaorem

41 1191 61 1249 ct
74 1186 225 1251 Nebulae
240 1187 342 1267 filios.
367 1189 423 1270 qai
437 1210 505 1252 oron
519 1211 685 1254 nouercam
697 1211 788 1254 saorn
840 1208 932 1252 suam
947 1187 1007 1253 Ino
1021 1193 1050 1254 et
1063 1189 1167 1268 filiam
1181 1191 1248 1256 eius
1261 1189 1446 1257 Melicerten
1461 1189 1581 1258 thurino

43 1293 174 1358 occide-re
189 1294 323 1371 uectae,
337 1295 469 1358 insania
480 1295 624 1361 alibero
639 1297 789 1361 dicuntur
842 1293 964 1358 dedidit
986 1295 1155 1360 necandos,

42 1401 188 1480 adfecti.
194 1403 224 1488 ·)
267 1402 324 1482 oni
356 1401 497 1466 damin
524 1402 606 1466 silua
633 1407 788 1480 errarent,
886 1401 948 1466 inb.
964 1403 991 1466 3
1012 1401 1153 1468 Phrixus
1167 1408 1195 1468 et
1214 1403 1354 1468 Helten'
1342 1406 1473 1470 insania
1488 1426 1510 1468 a
1523 1405 1580 1470 Li-

41 1513 134 1570 uuter
153 1509 203 1572 eis
224 1510 362 1572 arietem
379 1513 500 1572 aurata
512 1507 597 1590 petie
611 1509 715 1590 sertia
729 1509 788 1574 ad·
842 1509 913 1574 hero
928 1507 1044 1574 obiecta
1059 1511 1177 1574 crimin
1190 1511 1273 1575 siloa
1287 1515 1441 1589 errarent,
1456 1510 1580 1576 Nabata

41 1615 173 1678 ducisse.
191 1616 256 1696 qui
269 1636 338 1678 enm
352 1616 507 1697 nooipare
520 1615 670 1693 uellent'
657 1639 693 1680 in
701 1637 789 1682 mare
841 1619 908 1680 neat
909 1637 943 1679 er
965 1637 999 1680 co
1019 1616 1096 1679 dicit
1083 1620 1137 1680 tar
1154 1618 1273 1682 certine
1291 1621 1320 1682 et
1340 1619 1499 1682 arietem
1485 1639 1580 1682 onan·

38 1721 167 1798 proiecti
197 1726 296 1798 socrat,
330 1722 416 1802 qaod
436 1721 574 1804 petapas
600 1722 655 1806 [ab
682 1721 790 1786 Helles
841 1727 896 1786 rat
898 1743 950 1786 rim
972 1722 1145 1786 aoauatsse
1162 1722 1246 1804 Ncpt
1249 1723 1357 1788 uniet
1377 1724 1582 1805 Theophanes

42 1825 176 1910 tronrine]
208 1827 439 1908 Hellespontus
467 1834 606 1894 voeatnr.
644 1828 789 1913 [Hellen
841 1828 945 1908 fitium
963 1849 1092 1910 cumauro
1110 1833 1204 1894 natos
1221 1850 1295 1894 srcos
1309 1831 1475 1896 ascendere
1488 1831 1581 1896 iussit

42 1935 147 2019 que28)
168 1935 274 1998 aiurtt
297 1955 317 1998 a
337 1934 484 2014 Neptuno
508 1935 677 2000 scitantem.
705 1940 790 2001 etea
842 1940 871 2000 et
893 1933 1021 1999 Colchos
1044 1935 1090 1998 ad
1107 1957 1209 2018 rupem
1227 1936 1358 2000 Aeetam
1375 1935 1460 2001 Satis
1477 1936 1582 2017 fitium

42 2061 72 2101 ea
98 2061 248 2118 pueram
283 2041 438 2106 Paeanem
468 2043 601 2126 pertrait]
635 2041 790 2108 Phrimrm
843 2043 982 2106 transire
1003 2043 1108 2123 ibique
1131 2043 1261 2105 arietem
1279 2043 1385 2106 Marti
1406 2044 1580 2109 immolare.

43 2149 141 2209 nutem
164 2148 339 2236 sedens²⁹)
368 2149 570 2232 [praefation
593 2147 789 2236 arictem³⁰)]
842 2149 890 2212 ita
914 2148 1031 2212 dicittu
1054 2169 1117 2212 esse
1139 2148 1268 2230 factam.
1298 2170 1359 2230 quo
1383 2171 1452 2213 eum
1474 2171 1581 2215 ascen

46 2250 170 2318 Colchos
195 2255 367 2320 advectum
389 2255 434 2319 ad
455 2257 586 2320 Aeetam
607 2276 709 2338 repent
730 2256 789 2320 dri-
844 2255 963 2318 dissent
986 2259 1015 2318 et
1038 2257 1123 2320 aries
1141 2276 1192 2319 cos
1208 2256 1245 2319 in
1256 2254 1394 2338 priapus
1411 2256 1582 2334 detulisset,

45 2377 97 2436 que
114 2361 256 2426 cratem
270 2361 377 2426 Marti
394 2361 564 2426 inmotasse
582 2363 686 2446 [cique
699 2383 791 2426 snam
843 2360 935 2426 Helle
953 2361 991 2425 de
1009 2362 1108 2426 ariete
1121 2361 1248 2438 decidit,
1266 2383 1305 2426 ea
1319 2383 1381 2445 quo
1395 2363 1582 2444 Hellespon-

44 2467 301 2548 oureampettem
315 2470 509 2546 concessisse,
524 2471 791 2552 antequaminter
843 2471 909 2532 tum
934 2467 1072 2549 pelanus
1103 2473 1148 2532 cst
1179 2467 1385 2547 adpellatam.
1428 2469 1583 2534 Phriaam

46 2577 128 2635 castra
137 2576 379 2658 processisset]
395 2595 492 2656 qtram
504 2575 789 2643 dracooastodioit.
843 2579 948 2639 eatena
976 2573 1106 2640 Colchos
1127 2573 1249 2638 (tetulit.
1287 2575 1332 2640 ibi
1353 2576 1469 2640 matris
1484 2596 1582 2656 prae·

844 2683 940 2762 ceptis
967 2683 1097 2746 arietem
1122 2679 1297 2744 immolauit
1313 2681 1489 2762 pellemque
1516 2683 1583 2746 eius

843 2790 1031 2852 inauratam
1044 2788 1079 2850 in
1093 2786 1206 2867 tempto
1215 2787 1339 2852 Martis
1348 2790 1467 2870 posuit.
1486 2809 1584 2871 quarn

843 2898 986 2960 servande
1004 2895 1142 2958 dracone
1160 2917 1185 2958 e.
1197 2915 1226 2976 q.
1238 2915 1264 2957 s.

84 3003 233 3080 penitam
257 3006 361 3066 antem
378 3003 461 3066 tarano
479 3003 609 3066 arietem
627 3003 735 3066 attonat
753 3024 792 3067 en

51 3104 194 3186 Neptuno
210 3113 241 3173 et
254 3108 443 3190 Theophane
452 3109 495 3196 ⁵¹)
508 3108 695 3174 Busattidis
707 3110 790 3188 fitia.

50 3231 139 3289 auom
163 3237 240 3280 otoni
262 3216 458 3294 adaptasset,
485 3218 521 3280 in
542 3215 683 3280 insidant
711 3215 791 3282 Cra-

50 3320 176 3386 ruissarn
200 3323 425 3388 transduxisse
446 3324 543 3405 inque
564 3344 647 3386 ouem
665 3343 790 3386 conuer-

49 3424 125 3490 tisse.
160 3451 236 3493 enim
259 3450 323 3510 orta
346 3431 382 3492 in
405 3432 535 3494 ametem
556 3434 697 3493 mutatas
718 3450 791 3494 eon-

888 3000 1029 3065 tubuas.
1047 2999 1583 3084 theophanchsattidisfit-iasar-

843 3108 1029 3172 mosissima.
1048 3107 1131 3170 ham
1145 3129 1215 3170 eam
1222 3107 1335 3188 ptores
1343 3108 1438 3188 proci
1441 3112 1584 3188 peterent

844 3237 865 3278 a
878 3217 985 3294 patre,
1002 3211 1170 3294 Neptunus
1187 3213 1346 3277 sublatam
1363 3212 1531 3278 transtu-tit
1548 3215 1584 3278 in

843 3320 983 3386 irrscdam
1006 3317 1266 3405 Urttmissum.³²)
1296 3320 1381 3400 quad
1405 3341 1474 3384 cum
1491 3321 1585 3400 praei

844 3449 912 3494 eam
933 3428 1063 3490 scissent
1080 3427 1125 3489 ibi
1142 3427 1275 3503 morari,
1298 3447 1379 3490 naoe
1397 3431 1583 3506 comparata

848 3531 1040 3599 Crantssam
1061 3533 1244 3598 contendere
1262 3537 1437 3613 coeperunt.
1464 3531 1584 3613 Neptu·

843 3661 904 3706 nas
921 3644 956 3704 ut
974 3660 1026 3704 eos
1039 3640 1201 3719 deciperet,
1223 3639 1433 3719 theophanen
1450 3640 1487 3704 in
1501 3659 1584 3706 eoem

843 3747 1043 3814 commutauit
1056 3746 1328 3826 forrrmsissimam,
1346 3748 1414 3828 ipse
1427 3751 1532 3812 antem
1548 3747 1585 3811 in

844 3858 973 3922 arietem
982 3875 1074 3934 e.q.s.
1092 3902 1098 3915 .
1120 3901 1126 3916 .
1148 3901 1155 3914 .
1175 3854 1241 3933 ipse
1255 3857 1360 3917 autern
1374 3857 1408 3917 ut
1420 3853 1585 3918 erotames

50 3533 165 3612 cribrat,
186 3557 229 3600 ero
251 3557 317 3616 prta
340 3537 426 3600 aries
448 3535 677 3620 chrysomaltus
695 3541 792 3600 reatris

51 3642 98 3700 est.

137 4155 172 4214 ²⁷)
191 4155 308 4210 amanio
331 4174 349 4209 a
372 4155 473 4209 Lrhero
497 4155 601 4221 adfecti
623 4157 721 4226 scripsi
745 4158 813 4212 conl.
833 4156 1015 4226 Frisiugensi:
1044 4157 1159 4210 insania
1182 4153 1283 4210 Lthcro
1302 4155 1390 4222 effecti
1407 4154 1432 4209 S.
1452 4156 1584 4234 insania

55 4237 148 4297 Lrhero
168 4247 258 4312 effecti
274 4248 300 4315 β.

137 4333 171 4387 ¹⁸r
192 4333 343 4400 Iletienque
361 4334 468 4403 scripsi.
497 4335 642 4402 Hcilesque
660 4337 685 4390 S.
714 4335 814 4390 Hellen
831 4352 951 4404 namque
969 4338 995 4406 β.

138 4423 172 4489 ³⁰)
192 4421 288 4476 sedent
301 4423 326 4476 S.
341 4424 465 4477 insidens
479 4425 510 4478 U.
538 4424 673 4478 sedentem
692 4425 858 4496 Breysigius‚
877 4433 907 4478 ut
926 4425 995 4478 solet
1015 4423 1242 4478 constructionem
1264 4423 1406 4478 verborum
1426 4424 1470 4478 vel
1489 4435 1585 4480 contro

55 4505 181 4566 librorum
209 4511 401 4566 auctoritatem
429 4512 569 4582 ipsiusque
597 4514 739 4584 scriptoris
767 4515 935 4568 voluntatem
963 4513 1119 4568 restituere.
1161 4519 1283 4567 ceterum
1311 4513 1383 4568 unde
1411 4514 1462 4567 hoc
1489 4513 1585 4568 sedans

56 4593 163 4652 fluxerit
182 4600 280 4655 nescio.

140 4687 173 4752 ³⁰)
191 4689 349 4757 praesidum
369 4692 480 4744 arietem
499 4691 516 4744 S
537 4708 571 4746 en
589 4693 619 4745 B.
635 4697 809 4760 praeparato
834 4693 917 4745 arieti
938 4691 962 4746 U
986 4690 1133 4746 manifeste
1157 4690 1378 4760 interpolatione.
1406 4691 1437 4744 in
1452 4691 1584 4759 praefato

58 4773 137 4828 ariete
155 4781 180 4847 β.

141 4866 173 4928 ³¹)
195 4868 371 4937 Theophane:
392 4867 580 4937 theuphaneu
599 4871 624 4924 S.

142 4953 175 5022 ³²)
195 4955 361 5012 Crumissam
379 4973 413 5011 ex
432 4962 513 5028 κριοῦ
533 4965 617 5029 νῆσος
636 4965 792 5028 corruptum
812 4975 872 5013 esse
891 4959 1019 5014 uiderunt
1039 4958 1206 5012 Munckerus
1225 4966 1253 5011 et
1272 4957 1422 5012 Bursinnus
1440 4959 1470 5014 in
1484 4957 1584 5014 Emen-

60 5035 207 5100 dationibus
227 5047 388 5116 Hyginianis
407 5049 503 5112 (tenue
524 5050 610 5109 1374).

359 5148 365 5168 r
1322 5137 1374 5192 14*
