3906 5800
233 415 333 470 Senon.
353 413 445 469 Genu.
466 414 497 468 G.

295 592 433 646 omittunt.

1036 415 1166 470 Euentus
1186 416 1220 480 ll,
1240 416 1283 470 24.
1493 417 1535 480 99

837 591 932 657 Cuius
973 614 1069 676 snpra
1108 592 1309 659 simulacrum
1335 594 1492 675 ‘proxime

791 697 954 782 Virginem
990 704 1064 763 sunt
1099 699 1181 764 aliae
1212 698 1274 764 Vll
1310 699 1419 764 stellae
1451 700 1492 764 ad

791 804 924 869 caudam
937 805 1052 870 Leonis
1071 806 1104 868 in
1124 805 1283 888 triangulo
1302 805 1492 882 conlocatae,

790 931 870 993 quas
893 911 1010 976 crinem
1029 911 1196 977 Berenices
1220 933 1287 978 esse
1306 911 1413 978 Carion
1433 909 1491 976 Se-

791 1016 871 1082 mius
916 1017 1157 1083 mathematicus
1202 1023 1235 1082 et
1280 1017 1537 1084 Callimachuso

792 1122 878 1188 dicit.

835 1228 1067 1294 Eratosthenes
1086 1237 1193 1296 eutem
1215 1231 1294 1295 dicit
1312 1235 1346 1295 et
1363 1230 1491 1314 virgini-

791 1333 850 1400 bus
872 1335 995 1400 Lesbiis
1019 1336 1139 1414 dotem‚
1163 1359 1257 1420 quam
1280 1336 1392 1420 cuique
1415 1336 1491 1401 reli·

791 1447 874 1506 ctam
896 1463 917 1506 a
938 1447 1071 1525 parente
1092 1464 1184 1508 nemo
1207 1443 1343 1520 solverit,
1365 1442 1492 1508 iussisse

791 1549 882 1614 reddi
905 1554 937 1613 et
959 1550 1043 1614 inter
1066 1569 1118 1614 eas
1140 1551 1339 1616 constituisse
1362 1549 1490 1632 petitio·
1504 1557 1536 1610 10

789 1675 870 1721 nem.

279 2095 306 2148 p.
327 2079 387 2144 ιιι,
406 2079 449 2133 es.

1167 1925 1197 1978 0

1114 2079 1149 2144 II,
1170 2081 1212 2134 13.

19 2189 21 2248 ἶ
92 2183 280 2266 dgitatorem
338 2185 444 2250 ferunt
497 2183 738 2249 Erichthonium
836 2183 930 2251 Hunc
955 2205 1014 2252 nos
1041 2189 1190 2270 euripum
1212 2186 1313 2252 latim
1335 2205 1490 2265 commus,
1572 2183 1664 2240 XIII·

58 2287 147 2365 luisse,
167 2313 257 2375 quem
276 2290 403 2357 fabulae
420 2296 586 2374 poetarum
605 2291 738 2356 Vulcani
791 2292 916 2356 nomine
939 2293 1188 2371 Erichthonium,
1210 2299 1248 2358 ut
1267 2294 1493 2359 Eratosthenes
1556 2272 1677 2342 Amiqo.

58 2399 83 2454 et
101 2395 207 2461 Terrae
228 2397 329 2462 filium
351 2397 511 2464 adserunt.
551 2417 642 2481 quem
667 2419 737 2462 cum
791 2404 953 2464 monstrat
1000 2421 1093 2482 quem
1115 2399 1237 2483 Iupiter
1264 2423 1334 2466 cum
1362 2399 1493 2464 vidisset

27 2495 125 2564 teletis
138 2503 261 2569 vidisset
280 2506 362 2569 inter
380 2505 524 2570 homines
538 2525 633 2588 equos
647 2503 736 2568 albos
789 2503 925 2586 primum
947 2504 1032 2569 inter
1054 2505 1197 2570 homines
1215 2526 1311 2590 equos
1329 2505 1492 2588 quadrigis
1503 2515 1537 2568 15

59 2604 168 2688 iungere
207 2617 240 2674 et
276 2609 357 2675 Solis
394 2611 567 2693 quadrigae
604 2610 736 2674 similem
791 2610 942 2686 iunxisse,
968 2612 1143 2677 admiratus
1170 2617 1219 2678 est
1245 2611 1406 2695 ingenium
1433 2611 1491 2674 ho-

58 2709 214 2781 hominibns
245 2717 350 2782 fecere
377 2719 575 2800 primumque
602 2716 736 2780 Athenis
791 2717 884 2782 minis
903 2718 943 2781 ad
963 2717 1045 2782 Solis
1064 2719 1191 2784 iuventa
1208 2718 1385 2794 accessisse,
1406 2719 1491 2801 quod

59 2837 182 2902 pompam
195 2823 343 2888 inducere
357 2823 390 2886 in
404 2844 508 2888 arcem
522 2822 736 2906 templumque
790 2823 817 2886 is
852 2824 997 2906 princeps
1028 2825 1192 2907 quadrigis
1222 2825 1306 2888 inter
1337 2824 1413 2888 deos
1444 2828 1493 2888 est

19 2973 21 3026 2
59 2923 212 3006 aedificare,
234 2930 318 2994 inter
340 2934 428 2994 astra
450 2929 624 2994 constituit.

54 3697 72 3732 m
88 3681 111 3735 in
128 3686 188 3740 edd.
208 3686 398 3755 Kiesslinpius.

790 2949 872 2993 usus.
917 2928 973 2994 sed
1000 2929 1226 2997 Erichthonius
1253 2937 1286 2994 et
1312 2930 1493 3013 quadriges,

789 3041 825 3099 ut
843 3041 918 3099 ente
937 3035 1083 3112 diximus,
1106 3043 1139 3102 et
1157 3035 1311 3102 sacrificia
1329 3036 1536 3102 Minervee20

790 3145 822 3205 ot
844 3140 996 3224 templum
1019 3142 1053 3205 in
1076 3163 1148 3207 arce
1167 3142 1406 3206 Atheniensium
1425 3142 1491 3226 pri-

789 3268 858 3311 mns
880 3247 1029 3314 inst'tuit.

834 3353 882 3418 De
905 3355 992 3419 cuius
1015 3354 1164 3437 progenie
1182 3353 1351 3437 Euripides
1374 3355 1421 3418 ite
1443 3353 1492 3417 di-

789 3459 847 3523 cit:
879 3459 1055 3524 Vulcanum
1087 3460 1246 3525 Minervae
1278 3459 1492 3544 pulcritudine

826 3687 901 3742 ΧΙΙΙ.
912 3688 1102 3742 Tesmnoum:
1119 3687 1195 3742 Sero.
1208 3687 1305 3757 Georp.
1316 3687 1337 3740 I
1343 3691 1408 3742 205.
1433 3687 1536 3740 Isidor.

1084 3775 1158 3845 esp.
1177 3761 1238 3830 rm.

825 3864 951 3920 sennem
965 3864 1006 3918 R:
1025 3865 1115 3920 crines
1131 3864 1189 3918 clii.
1261 3864 1318 3931 res.
1340 3863 1537 3932 Prclcpomenu

786 3970 815 4021 p.
835 3957 852 4006 4
871 3969 891 4008 s.
965 3969 990 4007 rs
1004 3969 1131 4008 vocamus
1152 3953 1184 4008 V:
1202 3953 1318 4007 dicimus
1338 3952 1395 4005 clii.
1468 3968 1493 4006 ιι
1509 3957 1538 4004 et

790 4042 924 4110 templum
943 4072 976 4082 -
995 4059 1021 4096 ss
1039 4042 1183 4097 Minervae
1202 4058 1252 4095 om.
1277 4041 1306 4095 V.
