3908 5802
393 427 437 490 60
562 427 701 480 Emensus.
951 431 1050 484 Senon.
1062 432 1150 484 Asso.
1166 448 1190 484 r.
1201 431 1244 485 45.
1259 447 1285 498 p.
1296 432 1338 494 57,
1349 432 1373 484 2.
1490 431 1590 484 Senon.
1601 431 1694 484 Gens.
1708 431 1761 484 BP.
1777 447 1803 500 ρ.
1813 432 1851 495 60,
1866 434 1887 486 6.

1014 601 1107 674 Kae'
1122 604 1256 694 ἑτέρους
1271 609 1307 674 δὲ
1326 601 1344 674 ὁ
1360 601 1401 674 τὰ
1499 610 1561 674 Hie
1594 615 1643 675 est
1679 608 1882 692 amplissimus

967 717 1055 801 μῆλα
1102 711 1286 797 φυλάσσων
1331 722 1401 780 τῶν
1456 717 1540 781 inter
1575 722 1726 799 utrosque
1763 725 1882 800 septen·

281 603 342 656 111.
485 595 591 684 Οὗτός
615 605 706 672 ἐστὶν
730 599 749 672 ὁ
771 606 870 691 μέγας

251 685 378 761 Δράκων·
438 735 473 777 τε
506 715 564 778 καὶ
596 706 642 778 δι’
670 706 870 801 ἀμφοτέρων

437 826 508 884 τῶν
531 813 677 905 Ἄρκτων
709 822 869 906 κείμενος.

438 924 567 1011 λέγεται
595 927 631 991 δὲ
664 921 749 992 εἶναι
781 919 800 992 ὁ
828 919 870 992 τὰ

411 1029 558 1118 σχρύσεα
576 1039 662 1120 μῆλα
676 1027 870 1116 μαλάσσων,

438 1131 506 1205 ὑπὸ
536 1141 571 1206 δὲ
589 1133 787 1226 Ἡρακλέους
814 1132 870 1206 ἄν·

438 1249 596 1334 αιρεθεὶς·
623 1236 651 1333 qi
670 1249 727 1312 καὶ
745 1245 782 1312 ἐν
801 1259 871 1324 τοῖς

438 1348 572 1440 ἄστροις
590 1349 681 1435 τάξις
703 1348 809 1440 ἐδόθη
829 1346 871 1419 δι’

430 1451 542 1544 Ἥραν,
596 1449 617 1546 ἣ
667 1459 870 1547 κατέστησεν

394 1577 427 1630 10
438 1558 543 1632 αὐτὸν
572 1564 627 1632 ἐπὶ
659 1578 731 1643 ταῖς
759 1559 869 1632 Ἑσπε-

436 1674 504 1755 ρι’σι
517 1667 653 1754 φύλακα
665 1679 736 1738 τῶν
745 1667 868 1759 μήλων.

440 1775 629 1865 Φερεκύδης
664 1774 726 1864 γάρ
759 1797 870 1865 φησιν,

439 1877 495 1950 ὅτε
542 1883 693 1969 ἐγαμεῖτο
734 1876 755 1971 ἦ
789 1875 871 1970 Ἥρα

437 1984 506 2058 ὑπὸ
551 1986 642 2072 Διός,
692 1987 871 2077 φερόντων

395 2091 523 2181 Ισοῦτῇ
554 2105 625 2164 τῶν
655 2105 750 2164 θεῶν
779 2099 871 2183 δῶρα

964 815 1176 908 Ἑσπερίδων.

437 2197 498 2292 τὴν
518 2209 589 2292 Γῆν
613 2203 727 2271 ἐλθεῖν
750 2204 870 2289 φέρον·
980 2279 987 2294 Ι

438 2329 501 2378 σαν
533 2302 575 2376 τὰ
609 2307 732 2396 χρύσεα
768 2315 868 2398 μῆλα·

437 2417 578 2484 ἰδοῦσαν
610 2417 647 2482 δὲ
682 2408 743 2505 τὴν
769 2407 871 2502 Ἦραν

436 2520 610 2609 θαυμάσαι
658 2524 714 2588 καὶ
764 2521 870 2588 εἰπεῖν

335 2695 338 2700 .
392 2641 427 2694 20
437 2637 688 2713 καταφυτεῦσαι
727 2627 773 2706 εἰς
808 2619 871 2693 τὸν

437 2744 508 2804 τῶν
543 2743 639 2803 θεῶν
675 2744 797 2823 κῆπον,
834 2725 871 2813 ὃς

436 2831 479 2930 ἦν
510 2835 603 2929 παρὰ
635 2851 684 2928 τῷ
711 2837 869 2909 Ἄτλαντι.

437 2942 505 3017 ὑπὸ
548 2949 584 3015 δὲ
628 2955 699 3015 τῶν
739 2947 871 3014 ἐκείνου

437 3056 623 3143 παρθένων
641 3049 692 3122 αἐὶ
711 3049 870 3141 ὑφαιρου-

392 3163 550 3249 νομένων
563 3171 634 3231 τῶν
647 3159 763 3251 μήλων
776 3161 869 3228 κατέ-

438 3289 534 3360 στησε
555 3267 690 3356 φύλακα
707 3262 770 3357 τὸν
790 3261 871 3353 ὄφιν

437 3370 647 3465 ὑπερμεγέθη
667 3367 759 3442 ὄντα.
783 3375 870 3460 μέγι-

438 3502 519 3551 στον
552 3484 588 3550 δὲ
623 3480 688 3568 ἔχει
725 3495 869 3569 σημεῖον.

438 3588 601 3655 ἐπίκειται
621 3590 656 3654 δὲ
676 3581 869 3674 αὐτρλἩρα-

393 3707 428 3761 30
437 3695 556 3774 κλέους
597 3695 748 3776 εἴδωλον,
788 3689 869 3760 ὑπό-

436 3827 547 3890 μνημα
565 3810 628 3868 τοῦ
646 3795 777 3888 ἀγῶνος
795 3793 871 3877 Διὸς

438 3909 561 3988 θέντος
628 3908 871 3994 ἐναργέστατον

438 4025 478 4102 τῇ
502 4015 753 4103 σχηματοποιὶμ.

428 4267 454 4305 ιο
474 4243 521 4303 ἐπὶ
534 4240 745 4313 ταῐςἘσπερλσι
758 4245 871 4312 scribe&

393 4351 490 4406 nempe
507 4341 540 4389 nt
556 4333 633 4388 maia
656 4333 691 4387 ab
708 4331 869 4400 Hesperidi

393 4425 444 4478 bns
461 4422 618 4478 custodiret.
644 4417 691 4475 ἐπὶ
709 4423 758 4489 τῆς
772 4413 870 4474 ‘Eous'-

394 4531 445 4583 ρας
477 4517 529 4566 ant
560 4507 608 4564 ἐπὶ
631 4503 771 4580 ‘linitione
798 4509 868 4564 libri.

394 4597 441 4655 ἐπὶ
465 4594 632 4670 Ἑσπερίδας
658 4597 869 4670 Bernhardsyus.

393 4705 419 4747 rs
438 4691 615 4756 καταστῆσαι
633 4685 825 4755 Koppiersins.

1455 823 1574 888 triones
1605 822 1727 888 medius
1758 825 1882 906 positus

1455 930 1510 1012 qui
1549 933 1682 1013 putetur
1726 929 1883 995 hortorum

1455 1035 1666 1118 Hesperidum
1676 1043 1782 1102 custos
1791 1035 1883 1101 fuisse
1906 1047 1919 1100 5

1455 1147 1488 1208 et
1513 1142 1554 1208 eb
1577 1142 1715 1208 Hercule
1741 1142 1884 1208 interien-

1455 1255 1507 1315 tus
1533 1270 1554 1313 α
1575 1248 1696 1313 Iunone
1722 1250 1817 1314 astris
1839 1249 1885 1314 in·

1455 1355 1551 1433 latus,
1587 1377 1668 1438 quse
1700 1377 1772 1420 eum
1803 1355 1884 1420 horti

1454 1463 1504 1528 sui
1535 1463 1698 1527 custodem
1731 1467 1885 1546 posuemt.

1454 1568 1681 1634 Eratosthenes
1705 1567 1788 1632 enim
1811 1568 1886 1633 dicit
1895 1579 1918 1630 lt

1454 1697 1526 1740 enm
1549 1674 1628 1739 iuno
1651 1673 1718 1738 Iovi
1746 1674 1885 1750 nuberet,
1945 1705 1946 1708 ¹

1454 1787 1583 1847 auctore
1601 1781 1791 1864 Pherecyde,
1814 1782 1885 1846 deos

1454 1909 1562 1954 omnes
1590 1887 1620 1952 oi
1646 1909 1778 1953 munere
1803 1893 1885 1953 attu-

1454 1994 1528 2059 lisse
1569 1998 1602 2058 et
1637 1993 1767 2058 Terram
1806 1995 1886 2058 melu

1454 2121 1552 2166 auree
1574 2123 1645 2165 cum
1666 2101 1797 2166 ramulis
1824 2101 1917 2166 suisn

1454 2207 1599 2272 attulisse
1635 2209 1772 2284 muneri,
1808 2228 1886 2292 quse

1455 2314 1488 2376 in
1505 2312 1608 2378 hortis
1626 2313 1691 2378 suis
1709 2312 1806 2378 inseri
1823 2313 1886 2378 ius·

1454 2419 1540 2484 serit
1573 2441 1644 2483 oum
1674 2441 1695 2484 ο
1726 2417 1800 2484 filiis
1830 2419 1886 2484 At

1454 2525 1550 2590 lentis
1576 2547 1669 2610 saepo
1691 2531 1887 2600 vexarentur,

1454 2619 1615 2696 oustoiiom
1625 2629 1710 2695 horti
1721 2632 1885 2696 draconem
1893 2643 1917 2692 m
1936 2715 1937 2722 ρ

1455 2738 1651 2822 adposuisse,
1682 2761 1776 2822 quem
1809 2739 1884 2804 Her·

1454 2846 1539 2910 eules
1558 2844 1717 2911 oooiderit.
1736 2844 1822 2910 huno
1839 2846 1883 2910 Io·

1454 2973 1524 3017 vem
1559 2950 1729 3016 memoriae
1761 2951 1884 3018 virtutis

1454 3055 1884 3123 Heroulissstrisinetituisso

1455 3167 1573 3230 dicunt
1891 3171 1915 3222 '25

1499 3271 1565 3336 Alii
1585 3293 1606 3336 α
1624 3270 1807 3354 gigantibus
1829 3269 1883 3334 Mi·
1935 3327 1936 3360 3

1455 3398 1570 3442 nervae
1596 3376 1769 3452 obiectum,
1796 3398 1882 3459 quem

1456 3484 1512 3549 ille
1529 3489 1709 3550 oontortum
1726 3482 1814 3548 eaelo
1832 3482 1882 3545 im·

1455 3591 1577 3656 miserit
1600 3596 1632 3655 et
1658 3590 1743 3655 inter
1766 3597 1882 3674 septen·

1455 3698 1574 3762 triones
1597 3696 1814 3762 eorrlooaverit.
1889 3700 1913 3752 λ’·

1509 4263 1522 4302 r
1554 4246 1627 4300 inter
1658 4251 1790 4314 utrosque
1821 4247 1911 4310 sept-en·
1938 4255 1941 4312 ‚j

1455 4334 1558 4390 triones
1576 4335 1689 4403 scripsi:
1712 4333 1786 4388 inter
1808 4330 1911 4396 utrisque
1938 4327 1942 4391 ζ

978 4421 1212 4489 septentrionibus
1239 4423 1299 4477 BP.
1328 4423 1404 4491 quod
1431 4425 1504 4478 tneri
1529 4423 1628 4478 nebunt
1649 4427 1669 4494 β
1690 4428 1717 4476 et
1740 4441 1762 4476 ε.
1806 4439 1819 4476 s
1845 4429 1910 4486 quse:

978 4525 1059 4578 quem
1081 4509 1116 4562 B.
1145 4510 1273 4579 qnoniam
1298 4512 1330 4566 P.
1359 4528 1429 4567 corr.
1453 4512 1646 4581 Kiesslingins.
1686 4529 1712 4567 ro
1735 4508 1910 4564 Eratosthenes

978 4596 1050 4653 enim
1074 4598 1155 4653 dicit:
1183 4599 1252 4655 dicit
1275 4600 1347 4656 enim
1372 4601 1442 4656 libri.
1466 4617 1535 4656 corr.
1559 4599 1757 4669 Kiesstingins‚
1785 4597 1838 4652 αἰεί
1856 4594 1910 4661 [orit
1940 4570 1946 4643 i

978 4684 1110 4741 librorum
1133 4687 1211 4744 λιολίο
1229 4689 1336 4744 tuendo
1357 4695 1382 4744 et
1399 4690 1597 4745 Eratosthenes
1614 4691 1632 4744 i.
1652 4705 1672 4744 e.
1691 4703 1832 4758 μναοοοω,
1853 4675 1910 4751 uoti

977 4777 1069 4845 vertit,
1099 4777 1357 4834 Gatasterismorum
1384 4780 1536 4848 exemplum
1563 4777 1790 4834 subaudiendum
1815 4779 1857 4830 est.
1883 4767 1908 4832 ti·

394 4867 484 4922 XIII.
522 4883 548 4922 es
566 4867 639 4923 huno
658 4866 708 4922 slii
727 4869 818 4922 Iovem
838 4865 907 4920 iibri
946 4885 972 4922 ss
990 4866 1040 4922 alii
1059 4883 1076 4922 α
1094 4867 1251 4936 gigantibus
1270 4867 1302 4922 in
1321 4866 1397 4922 tibris
1414 4869 1544 4922 omissum
1561 4867 1698 4936 supplerit
1715 4859 1908 4922 suanensis·

391 4967 420 5014 to
435 4955 632 5012 conlocaverit:
646 4957 803 5012 conlocasse
814 4955 882 5010 iibri.
899 4971 969 5010 corr.
979 4960 1006 5028 β.
1017 4956 1149 5010 ninnrnm
1158 4972 1221 5010 oum
1230 4956 1313 5011 verba
1322 4971 1339 5010 s
1348 4956 1506 5025 gigantibus
1515 4957 1726 5024 intercidissent,
1733 4947 1908 5024 praecedentis

393 5047 566 5115 inprimis
583 5045 697 5112 fabulae
714 5045 780 5112 fines
793 5062 849 5115 pro
869 5045 984 5101 aterius
1001 5047 1083 5101 initio
1100 5045 1210 5101 babitus
1228 5051 1273 5102 est.
1294 5044 1451 5102 conlocasse
1470 5045 1509 5100 od
1527 5049 1619 5102 lovem
1637 5046 1774 5112 referebat
1791 5038 1906 5098 Imaum·
