3908 5802
1574 445 1595 512 3

55 647 141 690 usus
173 623 215 690 sit
245 645 286 689 an
314 623 430 690 maiore
453 643 546 708 opere
578 624 665 690 cuius
692 621 724 688 hi
753 621 969 692 Catssterismi
992 624 1209 708 compendium
1232 623 1341 708 siut.)
1387 645 1481 709 quam
1503 625 1595 692 dnbi-

56 735 217 798 tationem
245 732 352 797 statim
379 729 538 796 sublatum
566 732 606 797 iri
628 729 759 808 conlido,
781 730 958 810 dummodo,
985 753 1065 815 quae
1092 732 1124 798 iu
1147 737 1280 816 utroquo
1306 730 1388 799 lihro
1411 733 1451 799 de
1474 733 1595 802 Arcade

56 846 235 906 narrantur
258 839 484 928 (Catasterism.
503 838 588 904 VIII.
625 839 737 924 llygiu.
759 839 864 904 astrol.
883 838 924 916 11,
947 840 992 924 4),
1015 840 1098 904 iuter
1120 861 1154 904 se
1176 838 1408 906 contulerimus.
1453 839 1596 908 Oataste-

57 951 231 1014 rismorum
254 948 394 1013 namatio
417 946 466 1011 his
490 945 593 1010 verbis
616 946 811 1012 concluditur
833 937 894 1010 cdv
919 945 953 1010 ct
973 937 1112 1030 Ἀρκάδα
1134 941 1236 1011 πάλιν
1256 943 1449 1030 συμπλάσας
1472 943 1596 1035 ἔθηκεν

57 1050 182 1142 άρτιον
210 1056 264 1120 καὶ
294 1053 331 1119 ἐν
358 1065 427 1130 τοῖς
455 1046 588 1138 ἄστροις
616 1045 789 1139 ἀνήγαγεν,
816 1051 930 1136 quibus
957 1053 1034 1120 haec
1062 1053 1176 1137 Hygini
1204 1052 1300 1118 verbu
1327 1056 1530 1140 respondent:
1562 1061 1596 1120 at

50 1164 156 1244 pueri
177 1162 314 1228 ιιιισιὺνσ
337 1161 474 1226 caulccta
492 1165 520 1224 ct
542 1160 713 1240 cmrtposita
735 1160 771 1224 iu
792 1179 908 1238 uuum;
931 1160 986 1226 sed
1008 1161 1111 1244 pergit
1130 1160 1281 1244 Hyginus,
1303 1160 1390 1226 cuius
1408 1183 1483 1227 sane
1501 1163 1597 1228 verba

56 1276 119 1335 aut
151 1269 265 1334 lacuna
290 1275 346 1334 aut
378 1269 454 1332 vitio
485 1267 628 1333 laborare
659 1266 819 1334 videntur:
853 1267 938 1332 dedit
969 1268 1096 1332 cuidam
1122 1267 1305 1332 Actolcrum
1333 1269 1489 1346 alendum.
1541 1272 1598 1352 qui

57 1377 245 1442 adolescens
267 1375 372 1456 sactus
399 1376 435 1439 iu
461 1374 550 1438 silvis
576 1395 645 1439 cuvu
671 1378 847 1452 venaretur,
883 1375 999 1440 luscius
1027 1373 1106 1438 ciclit
1133 1381 1265 1440 matrem
1288 1375 1323 1438 iu
1350 1395 1444 1440 ursae
1466 1380 1596 1456 speciem

58 1503 253 1549 conversam.
301 1503 397 1565 cuum
420 1483 593 1562 interficere
615 1483 757 1564 ccultaus
774 1485 956 1560 persecutus
978 1484 1022 1546 cst
1044 1481 1080 1544 iu
1103 1481 1188 1545 Iouis
1211 1481 1328 1564 Lycaei
1350 1482 1507 1564 templum,
1533 1506 1595 1568 quo

59 1593 90 1656 ci
121 1592 178 1674 qui
207 1590 392 1667 accessisset,
424 1607 508 1652 mors
531 1608 635 1670 pecua
658 1591 726 1650 erat
749 1585 913 1651 Arcadum
940 1587 1012 1670 lege.
1058 1589 1168 1670 itaque
1194 1609 1263 1652 cum
1289 1593 1456 1670 utrumque
1478 1611 1596 1654 ueccssc

59 1703 141 1762 esset
169 1697 318 1778 iutcrytci,
348 1693 472 1776 Iupiter
504 1715 610 1760 aarum
640 1695 786 1760 misertus
811 1698 931 1774 ereptos
961 1695 1045 1758 iuter
1075 1695 1183 1760 sidera
1215 1695 1432 1782 cculccaeit.⁴)
1482 1699 1596 1762 iterum

61 1805 165 1869 hahes
188 1803 315 1868 Aetolos
338 1804 371 1868 in
395 1801 542 1878 Arcadia,
569 1801 684 1866 iterum
706 1801 846 1866 dubitari
869 1803 991 1886 nequit,
1018 1803 1092 1888 quin
1115 1801 1148 1865 in
1171 1803 1321 1886 exemplo,
1348 1803 1433 1887 quod
1456 1803 1596 1888 Hyginus

63 1911 261 1995 compilavit,
293 1905 446 1976 αἰπόλων
473 1912 505 1974 iu
533 1908 698 1975 Αἰτωλῶν
726 1912 908 1992 corruptum
935 1908 1044 1985 fuerit3
1076 1907 1171 1992 atvpue
1198 1904 1328 1996 αἰπόλῳ
1357 1909 1475 1976 hahent
1501 1911 1596 1976 schol.

64 2020 154 2083 Aret
177 2018 304 2099 pastori
334 2018 429 2084 schol.
459 2016 562 2082 Germ
590 2017 679 2100 atqui
710 2016 833 2080 duobus
864 2015 953 2080 lihris
980 2015 1139 2100 Hyginum
1170 2037 1261 2081 usum
1288 2038 1368 2093 csse,
1400 2039 1533 2099 quorum
1565 2019 1597 2082 in

62 2131 199 2208 utroquo
221 2125 301 2190 miro
322 2125 458 2208 quodum
481 2147 554 2189 casu
578 2125 661 2188 idem
678 2122 863 2188 vocabulum
888 2123 918 2186 iu
938 2123 1047 2188 eodem
1069 2123 1250 2187 narratione
1269 2123 1447 2188 adhibitum
1469 2145 1597 2208 prorsus

63 2233 149 2297 idem
176 2233 321 2298 mendum
349 2231 568 2309 commiscui,
599 2251 688 2296 nemo
717 2228 777 2295 sibi
809 2229 1004 2313 persuadeat
1049 2229 1144 2294 immo
1175 2229 1245 2294 lnce
1275 2229 1389 2296 elarius
1422 2237 1470 2296 est
1501 2237 1533 2296 et
1564 2231 1597 2295 in

64 2340 175 2405 codem
204 2339 345 2422 exemplo
372 2338 432 2404 hoc
459 2338 608 2403 accidisse
632 2343 664 2402 et
691 2359 729 2402 ex
757 2337 866 2402 codem
893 2335 980 2402 fonte
1008 2336 1090 2400 hanc
1116 2337 1327 2404 narrationem
1354 2335 1479 2403 fluxisse
1501 2343 1597 2420 atque

64 2468 148 2523 eam,
174 2447 206 2510 in
230 2467 294 2528 que
319 2446 404 2511 idem
425 2444 537 2511 vitium
558 2445 707 2522 occurrit,
734 2465 814 2529 qnae
842 2449 890 2510 est
913 2444 952 2510 dc
975 2441 1059 2508 Ursa
1084 2444 1211 2509 maiore.
1258 2444 1366 2527 itaque
1393 2444 1600 2510 haecomnia

63 2553 106 2618 ad
134 2553 373 2618 Catssterismos
399 2551 564 2618 referenda
590 2573 657 2618 esse
690 2552 802 2626 elucet3
834 2572 915 2634 quae
942 2571 1012 2616 cum
1043 2551 1075 2614 in
1107 2551 1223 2616 nostris
1255 2551 1345 2616 libris
1378 2573 1439 2616 non
1467 2557 1598 2628 exstent

65 2659 224 2744 Hyginum
252 2659 490 2726 Catasterismcs
522 2658 688 2742 ampliores
720 2660 851 2724 necdum
883 2659 916 2723 in
947 2659 1029 2722 hauc
1059 2657 1246 2723 brevitatem
1278 2663 1454 2724 contractos
1485 2658 1598 2742 legisse

65 2768 226 2833 evincitur.
263 2787 343 2852 quae
366 2787 436 2832 cum
459 2767 504 2832 ite
522 2766 593 2842 sint,
614 2766 729 2831 dehinc
751 2766 909 2848 integrum
932 2765 1020 2842 illud,
1042 2765 1127 2849 quod
1145 2765 1287 2849 Hyginus
1309 2766 1498 2851 compilavit,
1521 2787 1599 2851 opus

65 2874 369 2951 Outasterismos‚
392 2872 531 2938 libellum
555 2879 668 2950 autem,
691 2893 783 2956 quem
806 2894 862 2937 uos
884 2879 1035 2950 tenemus,
1058 2871 1257 2955 Epitomeu
1279 2871 1404 2938 vocabo.

154 2981 221 3046 lam
248 2982 346 3063 igitur
372 2979 684 3064 circumspiciendum
711 2986 772 3056 ost,
800 2999 874 3044 num
896 2979 960 3044 alia
983 2979 1275 3045 Catesterismorum
1301 2978 1437 3044 frustula
1462 2979 1598 3062 quaein

66 3088 212 3168 Epitome
238 3089 352 3152 omissa
373 3089 439 3154 sint
465 3110 503 3153 ex
527 3087 651 3172 Hygino
679 3087 745 3152 erui
772 3087 900 3171 possint.
945 3092 1041 3168 atque
1063 3086 1198 3171 primum
1220 3087 1304 3152 ultro
1327 3109 1361 3152 se
1384 3085 1519 3152 offerimt
1543 3107 1598 3151 eae

68 3191 192 3257 fabulae
223 3194 256 3256 in
282 3195 394 3278 quibus
422 3196 540 3260 diserte
567 3193 790 3259 Eratosthenes
818 3193 1004 3258 nominatur.
1050 3213 1122 3257 nam
1150 3194 1227 3258 duos
1254 3193 1352 3258 libros
1379 3193 1599 3258 Eratosthenis

70 3299 194 3362 nomine
216 3299 381 3383 inscriptos
404 3301 610 3384 similiterque
632 3301 664 3364 in
684 3301 821 3366 siderum
844 3301 945 3366 causis
964 3321 1002 3364 ex
1020 3299 1157 3365 fabulari
1180 3299 1314 3366 historia
1331 3300 1511 3383 repetendis
1530 3321 1598 3364 ver-

68 3413 173 3470 santes
200 3404 356 3489 Hyginum
388 3407 534 3474 hahuisse
562 3409 647 3473 credi
679 3409 796 3492 nequit.
846 3407 983 3491 exceptis
1010 3406 1109 3490 igitur
1135 3406 1198 3471 illis
1229 3427 1308 3489 quos
1335 3427 1432 3490 supra
1462 3405 1598 3470 indicavi

67 3511 144 3576 locis
167 3511 288 3577 sexiens
310 3518 434 3578 tantum
455 3515 488 3580 in
512 3514 690 3598 Astrologia
712 3515 936 3580 Eratosthenes
959 3519 1232 3578 commemoratur:

132 3654 156 3720 I.
179 3655 225 3742 (ll
253 3656 267 3719 l
294 3677 323 3739 p.
347 3653 399 3732 35,
425 3657 466 3721 10
487 3655 605 3742 Bunte)
628 3657 737 3740 itaque
758 3656 983 3722 Eratosthenes
1006 3656 1071 3721 ait:

388 3789 520 3883 Ἰκάριον
545 3793 624 3864 τόθι
645 3806 764 3892 πρῶτοι
786 3801 864 3884 περὶ
887 3794 1011 3884 τράγον
1035 3790 1276 3884 οἷρχήσαντοά)

117 3939 154 4002 ΙΙ.
178 3938 482 4026 (1124p.67,18)
505 3939 730 4006 Eratosthenes
752 3946 855 4006 autem
879 3941 954 4006 dicit
977 3945 1006 4004 ct
1027 3940 1203 4024 oiryiuihus
1225 3939 1345 4004 Lesbiis
1369 3941 1478 4016 dotem,
1501 3957 1598 4020 quam

178 4047 290 4128 cuique
315 4046 456 4111 relictum
484 4067 506 4111 a
527 4051 662 4128 percute
688 4069 775 4113 uemo
801 4047 936 4126 soluerit,
964 4047 1092 4112 iussisse
1114 4047 1214 4125 reddi,
1243 4050 1272 4110 ct
1300 4047 1380 4110 iuter
1407 4065 1461 4110 cas
1483 4044 1597 4109 causti-

180 4153 275 4217 tuisse
292 4154 483 4233 petitionem.

156 4467 274 4534 ³)Hanc
302 4471 390 4539 ipsam
418 4473 608 4541 quaestionem
636 4489 724 4543 nuper
751 4471 900 4528 Bursianus
928 4473 1069 4542 proposuit
1097 4473 1291 4541 (Sitzungsher.
1316 4474 1340 4526 d.
1365 4473 1391 4526 k.
1415 4472 1490 4542 hayr.
1511 4471 1599 4526 Aliud.

70 4560 136 4614 1876
155 4575 181 4628 p.
200 4559 235 4614 32
253 4561 332 4614 nnn.
351 4561 407 4630 33),
431 4561 475 4616 cui
499 4562 556 4616 veri
575 4578 639 4631 pars
658 4560 812 4618 suboluisse
836 4562 951 4617 videtur.
989 4561 1066 4618 rrulla
1085 4567 1176 4618 umen
1195 4561 1244 4618 ille
1263 4561 1291 4616 in
1311 4563 1471 4619 alterutram
1492 4567 1598 4630 partem

70 4646 184 4717 protulit
203 4655 371 4717 argumenta.
1510 4647 1517 4660 ‘

156 4737 176 4803 ⁴)
196 4736 281 4792 Vides
300 4741 370 4794 hanc
389 4738 512 4794 tabulam
532 4739 571 4804 ei,
591 4757 661 4810 quac
681 4742 731 4796 sub
749 4739 820 4796 Ursa
838 4739 941 4796 maiore
960 4745 1100 4806 narratur,
1121 4739 1148 4794 in
1168 4740 1325 4795 uuiversum
1344 4739 1512 4796 simillimam
1532 4754 1600 4804 esse,

71 4827 116 4880 scd
136 4825 163 4879 iu
182 4825 297 4895 singulis
316 4827 494 4895 iuditiario,
513 4835 544 4883 ut
562 4830 679 4886 maturos
698 4832 786 4886 Arcas
805 4830 907 4886 habeat
926 4835 1028 4899 partes.

154 4913 175 4982 ⁵)
194 4913 234 4972 Ol.
258 4915 348 4972 Hiller
370 4918 561 4974 Eratosthenis
589 4935 672 4975 carm.
700 4920 751 4974 rel.
779 4919 811 4974 ir.
833 4918 940 4974 XXXII
969 4937 995 4989 p.
1021 4919 1072 4976 105
1082 4936 1104 4974 s.
1147 4912 1260 4990 Ἰκάριοι
1285 4917 1384 4988 scripsi
1412 4935 1447 4974 ex
1475 4915 1603 4972 Bursianl

69 5004 217 5076 sentcntia3
237 5021 300 5061 uam
319 5006 494 5063 artificiosius
515 5008 623 5064 videtur
641 5008 743 5064 Hillsri
760 5003 882 5080 Ἰκοριοῖ.

1359 5095 1391 5149 11
