3906 5800
251 445 352 498 Senon.
372 445 464 498 Gnnrr.
486 443 516 498 G.
536 461 563 513 p.
585 445 643 508 153,
663 445 687 496 3.
1153 445 1283 498 Hruruue
1303 446 1337 510 ΙΙ,
1358 446 1380 498 7.
1576 447 1638 512 145

189 623 297 691 Habet
315 623 421 690 stelles
439 624 472 688 in
491 623 594 707 eapite
612 621 728 688 clarem
741 643 845 701 unum,
941 623 1003 688 Hie
1033 620 1130 688 habet
1160 622 1194 687 in
1226 625 1329 707 eapite
1361 625 1485 690 stellam
1512 625 1595 691 elnre

143 731 178 795 in
205 732 320 798 dextra
347 731 397 796 ela
424 729 575 816 quinque,
606 751 701 794 unam
728 729 845 795 elerum
897 731 1052 796 lucentem
1073 751 1183 808 unam,
1211 731 1242 795 iu
1267 731 1348 796 eollo
1371 733 1503 798 alteram
1525 733 1594 816 peri

143 861 227 922 quae
254 845 303 905 eet
330 859 405 922 erge
433 839 561 914 rollum,
587 837 620 900 in
643 837 772 900 sinistre
793 837 845 902 ala
898 837 1027 921 fulgore,
1049 837 1081 901 in
1105 838 1246 922 utrisque
1269 839 1381 921 pennis
1404 840 1524 922 quinus,
1547 841 1595 927 (in

143 949 298 1030 quinque,
329 947 361 1010 in
393 951 520 1030 pectore
545 965 654 1021 unam,
686 944 718 1008 in
746 945 846 1008 cende
898 965 1027 1028 corpore
1053 945 1180 1030 unam,)
1209 965 1304 1028 supra
1331 947 1462 1012 eandem
1489 968 1593 1012 uuam.

6 1064 7 1072 ’
114 1065 250 1132 5nnnm,
264 1075 345 1139 quae
359 1051 622 1135 estamplissima.
651 1056 725 1116 eunt
739 1071 845 1115 omnes
899 1051 1024 1117 omnino
1046 1051 1145 1116 hebet
1167 1050 1275 1116 stelles
1297 1051 1380 1118 XIV.
1621 1062 1638 1116 5

142 1160 230 1252 niv.

7 1574 15 1779 l
392 1711 418 1764 p.
439 1693 499 1760 153,
519 1695 560 1749 re.
1219 1693 1254 1758 11,
1273 1693 1316 1747 29.

190 1802 290 1868 Porro
322 1802 483 1886 aquarius,
516 1820 606 1884 quem
632 1819 690 1865 nes
711 1805 844 1882 prepter
940 1799 1032 1867 Hune
1067 1800 1242 1884 complures
1278 1799 1490 1884 Ganymedem
1527 1821 1595 1866 esse
1662 1799 1774 1853 XXVI

143 1909 259 1974 imbres
290 1895 404 1974 neniis
429 1911 533 1989 ipsius
562 1911 608 1974 sie
633 1909 842 1986 norninamus,
896 1907 1053 1984 dixerunt,
1075 1928 1165 1992 quem
1184 1909 1304 1991 Iupiter
1326 1913 1457 1990 propter
1475 1907 1592 1991 pulcri&
1642 1889 1796 1956 Aquarius.

6 1946 15 2119 l
96 2026 134 2077 10
143 2017 280 2100 gentiles
299 2024 404 2082 eutem
422 2016 619 2082 arbitrantur
633 2015 845 2099 Ganymedem
897 2015 1038 2080 tudinem
1070 2015 1208 2099 eorporis
1240 2020 1382 2097 ereptum
1410 2014 1594 2098 perentibus
1607 2025 1639 2078 10

144 2123 244 2190 fuisse
262 2129 295 2189 et
309 2123 349 2189 ob
363 2124 492 2189 nimiam
505 2123 748 2207 pulcritudinem
762 2122 845 2186 inter
899 2121 1028 2186 deorum
1055 2123 1232 2187 ministrum
1255 2121 1365 2187 fecisse
1389 2123 1594 2187 existimetur.
1704 2163 1706 2170 ,

143 2237 235 2296 astra
257 2231 454 2298 conlocatum
476 2251 496 2294 a
519 2231 591 2296 leve
614 2234 658 2306 et,
680 2237 717 2295 ut
739 2230 845 2293 viuum
897 2228 1005 2311 itaque
1028 2229 1204 2294 ostenditur
1227 2235 1263 2292 ut
1285 2250 1399 2314 aquam
1422 2228 1528 2312 aliquo
1548 2231 1594 2292 in-

144 2342 189 2404 sit
212 2339 326 2422 dignus
349 2337 490 2414 fundere,
512 2337 684 2404 iudicatum
706 2360 726 2401 a
749 2337 817 2400 diis.
898 2336 1040 2400 fundens.

142 3925 219 3979 Dedi
236 3941 270 3978 ex
287 3925 316 3995 S,
335 3941 397 3978 eum
415 3925 447 3976 in
463 3922 488 3977 G
507 3924 606 3978 eunden
623 3923 687 3976 sint.
934 3938 954 3974 e.
974 3937 986 3974 r
1005 3919 1032 3973 in
1052 3933 1165 3988 corpore
1188 3933 1269 3972 unem
1295 3917 1395 3970 addidi
1418 3933 1452 3968 en
1471 3916 1597 3985 Fpadmne
1615 3921 1639 3968 et

142 4031 157 4070 e
174 4015 239 4070 XIV
257 4015 368 4082 smper:
386 4013 452 4067 XIII
473 4011 502 4066 S.
899 4009 979 4062 nehel.
1000 4008 1089 4061 Geren.
1162 4007 1293 4062 somnino
1312 4007 1408 4060 hebet:
1429 4007 1513 4060 hebet
1531 4005 1640 4058 omniun

904 4097 934 4166 V,
953 4097 1001 4151 sed
1018 4096 1127 4150 omnino
1146 4096 1212 4151 add.
1226 4114 1299 4151 man.
1314 4112 1366 4150 ree.
1395 4112 1488 4150 omnes
1503 4095 1536 4148 R.
1576 4095 1639 4148 XIV

899 4187 1009 4254 scripsi:
1028 4175 1080 4240 Xll
1100 4185 1193 4241 DRV.
1231 4187 1297 4240 Xlll
1316 4185 1382 4239 ΒΜ.
