3920 5806
1546 408 1608 476 207

70 583 140 650 illud
163 585 302 652 mittam
324 589 518 672 prooemium
541 587 764 671 disputationis
789 587 832 672 (p.
853 588 926 664 221,
948 587 1081 671 1-13)
1104 609 1144 652 00
1168 593 1275 652 extare
1298 588 1426 670 quidem
1448 589 1482 652 in
1505 587 1611 654 Stroe-

67 693 204 778 zianis.⁹)
249 699 398 762 tenemus
429 697 528 780 igitur
559 717 622 760 non
653 695 936 779 sangermanensis
967 717 1006 760 ex
1037 694 1240 771 Strozzianis,
1272 696 1328 762 sed
1360 696 1542 762 Strozziana
1572 717 1612 762 ex

66 799 396 884 Surigermanensibus
418 802 552 868 fluxisse.

147 909 261 976 Venio
292 911 334 976 sd
361 909 497 988 fabulas,
525 931 606 995 quae
633 911 667 975 in
694 909 822 976 scholiis
850 910 1040 976 Strozzienis
1067 911 1228 995 legrurtnr3
1256 930 1294 976 ac
1319 911 1456 993 primum
1483 910 1611 994 quidem

65 1017 108 1079 uir
135 1021 203 1092 est,
241 1018 331 1101 quod
363 1039 520 1096 moneam,
553 1019 658 1084 omnia
684 1039 764 1101 quae
791 1017 824 1082 in
852 1017 902 1082 his
930 1018 1058 1084 scholiis
1086 1023 1195 1084 extant
1221 1015 1341 1102 Nigidii
1368 1017 1545 1102 fragmenta
1572 1040 1610 1083 ex

63 1122 305 1190 Basileansibus
329 1126 489 1210 descripta
516 1147 591 1191 esse.
620 1125 653 1188 in
676 1125 787 1190 ceteris
809 1145 884 1190 vero
906 1123 1022 1190 fabulis
1046 1123 1229 1190 enarrandis
1253 1126 1292 1202 is,
1315 1126 1370 1208 qui
1391 1125 1470 1192 haec
1492 1123 1612 1192 scholia

64 1229 265 1314 compilavit,
299 1233 345 1297 ita
376 1234 455 1316 egit,
485 1237 522 1298 ut
548 1231 774 1298 Basileensium
806 1238 839 1297 et
871 1231 1187 1316 Sangermanensium
1220 1233 1416 1318 narrationes
1449 1235 1481 1297 in
1513 1254 1610 1296 unum

62 1335 230 1415 conflarem
263 1339 352 1405 cuius
377 1339 424 1404 rei
447 1359 548 1422 pauca
571 1340 714 1422 exempla
735 1359 909 1421 proponam
931 1339 978 1404 ita
1001 1339 1140 1423 quidem,
1167 1344 1217 1416 ut,
1239 1360 1320 1424 quae
1342 1360 1380 1404 ex
1403 1339 1429 1403 B
1453 1337 1611 1404 fluxerunt

62 1444 164 1522 rerba,
189 1446 368 1523 inclinatis,
391 1467 472 1530 quae
495 1467 534 1511 cx
557 1446 594 1523 G,
618 1445 718 1512 solitis
740 1444 857 1512 litteris
880 1447 1062 1512 excudenda
1084 1466 1198 1512 curem.
1298 1525 1308 1548 ·

144 1567 195 1634 IV
223 1569 446 1655 Engonasin
469 1593 498 1655 p.
524 1572 672 1648 118,1s.
698 1569 751 1658 (cl.
775 1569 891 1636 Catast.
915 1571 1024 1654 fragm.
1047 1592 1077 1654 p.
1101 1570 1197 1656 620.)

195 1693 315 1761 Draco
338 1697 508 1762 immensae
525 1696 757 1780 niapnitndinis
779 1695 941 1761 hortorum
964 1699 1067 1760 camos
1088 1695 1304 1777 immotaque
1320 1695 1422 1776 fnisse
1439 1697 1566 1775 dicitnr,
1590 1718 1609 1761 0

14 1799 15 1874 J
101 1801 231 1868 Iunone
258 1805 299 1868 ad
324 1804 564 1869 custodiendum
586 1823 683 1868 aurea
706 1803 789 1868 mala
812 1802 932 1889 esse¹⁰)
956 1801 1153 1868 constitutus.
1187 1801 1348 1880 Hercules,
1371 1821 1441 1868 cnm
1460 1803 1504 1868 mi
1521 1803 1609 1868 mala

14 1955 15 1968 .
102 1928 211 1973 aurea
240 1909 404 1990 profectus
430 1915 520 1989 esset,
549 1915 585 1974 nt
611 1910 709 1990 refert
732 1909 894 1974 Pacensis
916 1909 1088 1989 Heraclea,
1117 1909 1218 1974 fertur
1240 1911 1409 1994 peremisse
1433 1917 1465 1976 et
1492 1909 1609 1978 idcirco

103 2014 190 2080 inter
216 2023 309 2082 asim
331 2017 372 2082 ab
395 2016 523 2104 Iove¹¹)
546 2017 627 2081 tnnc
651 2017 788 2081 laborem
809 2018 976 2081 memorium
1000 2017 1131 2100 dipnnm
1152 2015 1320 2082 honorarit
1342 2021 1371 2082 et
1393 2021 1544 2099 atrosque
1566 2020 1609 2082 si-

104 2123 243 2187 deribus
265 2124 377 2189 intulit
398 2125 447 2189 ita
469 2130 505 2190 nt
528 2125 563 2188 in
586 2125 754 2189 certamine
775 2123 865 2204 suere
887 2143 994 2189 eorum
1016 2123 1151 2202 liabitas,
1175 2125 1328 2205 serpentis
1350 2129 1446 2207 capnt
1468 2127 1534 2190 inm
1557 2127 1608 2190 de-

103 2228 237 2308 sectum.
274 2232 327 2315 qui
355 2233 427 2297 ideo
459 2233 491 2296 in
524 2252 605 2315 genu
633 2236 720 2296 stans
751 2232 895 2296 menibus
924 2253 1047 2296 sursum
1074 2231 1224 2307 extensis,
1251 2233 1363 2300 dextro
1391 2232 1471 2316 pede
1499 2237 1609 2297 contra

105 2336 284 2403 draconem
311 2344 456 2422 porrecto
483 2339 637 2422 pingitur,
665 2345 700 2403 ut
724 2339 903 2403 certaminis
927 2338 1018 2403 labor
1046 2336 1246 2422 significetur.
1278 2339 1348 2404 ideo
1372 2339 1486 2422 pellem
1508 2339 1608 2404 leonis

103 2443 140 2506 in
163 2445 308 2511 sinistra
329 2467 428 2510 mann
450 2445 567 2510 habere
590 2445 733 2530 fingitur,
756 2451 792 2510 ut
814 2445 937 2529 insigne
959 2445 1139 2530 virtutis¹¹)
1161 2449 1366 2522 monstretur,
1389 2445 1464 2528 quia
1485 2444 1607 2510 leonem

106 2549 244 2616 inermis
268 2552 461 2618 interfecisse
484 2553 694 2639 narratur.¹³)

198 2676 285 2741 XIII
308 2676 486 2760 Agitator
507 2699 536 2761 p.
563 2677 634 2750 133,
654 2677 706 2742 8s.
731 2675 784 2762 (cf.
809 2675 926 2742 (latest
950 2675 1061 2759 fragm.
1085 2699 1114 2760 p⁴
1138 2675 1205 2762 98.)

201 2802 264 2882 qni
281 2803 408 2884 primns
430 2823 555 2868 currum
566 2800 609 2888 1⁴)
633 2803 716 2868 iuter
738 2802 880 2867 homines
903 2802 1010 2867 docuit
1033 2823 1129 2886 equos
1154 2801 1243 2866 albos
1266 2801 1396 2884 iungere
1405 2801 1448 2888 16)
1473 2806 1505 2866 et
1527 2800 1608 2866 Solis

107 2910 289 2992 quadrigae
309 2909 442 2974 similem
460 2908 563 2972 Iacere
582 2909 777 2992 primumque
797 2907 1027 2974 Panathenaea
1046 2909 1253 2988 constituisse,
1271 2929 1377 2972 arcem
1395 2907 1608 2992 templumque

107 3013 298 3082 aedificasse
321 3017 445 3080 dicitur.
480 3036 570 3098 anem
593 3013 680 3078 Iouis
702 3017 839 3082 miratus
862 3017 960 3080 astris
982 3019 1139 3096 receptam
1160 3015 1328 3080 memoriae
1350 3015 1496 3079 tradidit.

156 3301 178 3361 ⁹)
199 3300 313 3356 Addere
332 3307 455 3369 poteram
474 3314 668 3367 nonnunquam
689 3315 729 3362 00,
749 3299 866 3367 quaein
886 3297 1165 3366 sangermanensibus
1184 3305 1259 3352 recte
1279 3297 1410 3353 distincta
1423 3298 1559 3368 leguntur,
1580 3299 1608 3354 in

69 3387 237 3444 Strozzianis
262 3405 407 3458 perperam
430 3388 539 3453 divelli,
563 3404 709 3457 perperam
733 3387 872 3456 coniungi;
898 3387 972 3441 velut
991 3387 1237 3456 Sangermenensia
1255 3404 1281 3457 p.
1301 3389 1367 3451 228,
1386 3389 1403 3442 ὁ
1422 3389 1502 3442 mnne
1522 3391 1607 3456 (Mer-

71 3479 151 3546 curii)
173 3478 284 3534 absides
303 3479 430 3544 (debebat
449 3484 497 3532 aut
516 3478 588 3532 absis
606 3484 654 3531 aut
673 3476 779 3543 absida,
800 3479 848 3532 sed
866 3493 942 3532 error
961 3493 994 3530 ex
1009 3476 1098 3531 Plinio
1115 3477 1295 3545 1164natus)
1315 3476 1449 3531 samsima
1461 3477 1493 3530 in
1509 3476 1607 3546 Capri·

70 3580 152 3622 corno
172 3574 222 3638 est,
242 3584 337 3621 nouem
357 3567 451 3622 diebus
469 3568 558 3620 ociore
577 3567 693 3634 ambitu,
712 3566 793 3620 modo
812 3573 877 3620 ante
894 3566 958 3620 solis
977 3571 1102 3620 enortnm
1120 3565 1200 3620 modu
1215 3571 1279 3633 post
1297 3580 1436 3635 occasum,
1460 3580 1608 3632 nunqnam

72 3654 103 3707 ab
130 3671 162 3709 ee
190 3659 322 3712 remotior
344 3658 443 3725 uiginti
465 3655 575 3709 duabus
593 3656 731 3724 partitas.
767 3657 952 3710 immorantur
974 3654 1060 3724 igitar
1082 3656 1113 3708 in
1136 3655 1211 3708 coita
1233 3655 1298 3708 soles
1321 3661 1346 3707 et
1368 3671 1426 3708 non
1449 3660 1608 3723 comparent

70 3742 99 3794 in
127 3747 205 3800 eaelo
234 3745 355 3799 Saturni
381 3744 459 3798 sidus
486 3751 512 3798 et
540 3745 644 3798 Mortis
671 3761 732 3798 mum
756 3744 910 3812 pistrinum
938 3743 1032 3796 dietim
1056 3741 1166 3796 CLXX
1188 3759 1207 3796 0.
1229 3761 1252 3812 q.
1271 3759 1291 3798 s.
1317 3749 1412 3798 contra
1434 3741 1607 3798 Strozzianus

72 3847 96 3898 p.
116 3837 181 3900 184,
203 3837 227 3890 8.
261 3835 341 3890 enine
369 3834 475 3888 0000000
502 3834 602 3887 ultima
633 3833 763 3898 (debebat
791 3834 940 3900 0200000οω
972 3839 1094 3886 ceterum
1122 3833 1195 3886 idem
1223 3849 1299 3888 error
1326 3833 1354 3888 in
1383 3832 1607 3901 sangallensibus

72 3922 213 3978 codicibus
237 3923 400 3978 scholiorum
420 3923 692 3990 sangermanensium
717 3922 821 3984 obvius)
844 3923 876 3975 in
896 3920 1066 3989 Capricorno
1089 3927 1127 3976 est
1149 3937 1244 3975 nouem
1267 3921 1362 3975 diebus
1385 3923 1474 3976 ociore
1493 3921 1607 3991 amam,

74 4011 150 4065 modo
175 4018 242 4066 unte
263 4013 328 4067 solis
351 4018 463 4066 exortas
486 4012 567 4065 modo
586 4018 651 4080 post
674 4027 800 4079 occasus,
824 4027 971 4078 nunqnam
995 4011 1029 4064 ab
1052 4027 1083 4064 οο
1104 4012 1240 4066 ranutior.
1267 4011 1355 4079 igitm
1376 4009 1608 4078 vigintiduobus

70 4101 200 4162 partimus
222 4108 370 4156 morantur
392 4102 423 4154 in
446 4102 520 4154 coitu
543 4102 607 4155 solis
630 4107 655 4155 et
672 4117 731 4154 non
749 4107 907 4168 conmarent
926 4099 1009 4154 eaelo.
1039 4098 1160 4154 Sotmni
1176 4099 1254 4154 adm
1272 4105 1297 4154 et
1315 4099 1420 4153 Martis
1438 4113 1501 4153 cnm
1515 4099 1607 4166 pneri-

75 4203 145 4242 mnm
165 4190 261 4244 diebus
279 4197 387 4244 centnm
404 4190 597 4259 septuagintae
616 4206 636 4243 0.
649 4207 672 4258 q.
683 4207 704 4244 s.
731 4206 821 4243 nonne
840 4191 893 4244 hoo
911 4205 1022 4258 prorsus
1040 4188 1165 4258 Ineptum
1179 4190 1239 4244 est?
1267 4187 1332 4256 quid
1347 4187 1525 4258 Breysigius?
1541 4194 1608 4242 ante

74 4280 201 4334 rumonor
221 4280 393 4348 corruptelae
412 4279 489 4348 signo
513 4279 602 4348 posito
622 4285 649 4334 et
667 4279 696 4333 in
715 4278 892 4334 adnotatione
911 4277 995 4332 Plinii
1014 4277 1114 4346 capite,
1133 4278 1205 4332 unde
1224 4277 1361 4347 principio
1380 4279 1449 4332 haec
1468 4276 1609 4348 descripta

75 4375 143 4434 sunt,
163 4369 285 4424 indicato
305 4376 398 4424 cetera
416 4369 521 4423 intacta
539 4367 653 4436 reliquit
672 4375 812 4436 0000000οι
831 4367 1015 4437 intellegeret.

162 4459 194 4520 10)
214 4474 269 4512 0000
287 4458 392 4527 scripsi.
422 4463 488 4512 esset
506 4459 531 4512 S.
560 4457 613 4511 del.
633 4461 658 4528 β.

163 4549 194 4614 ¹¹)
214 4548 249 4601 ab
262 4546 328 4600 1000
346 4564 380 4601 ox
396 4547 427 4601 G.
443 4564 496 4601 non
515 4546 635 4601 debebat
649 4545 807 4616 Breysigius
822 4545 899 4600 loun
917 4545 1047 4610 scribere,
1066 4559 1129 4600 nam
1149 4543 1312 4614 compilator
1330 4544 1359 4600 in
1377 4543 1609 4600 constructIonem

77 4645 198 4698 peccare,
218 4653 298 4704 000ιο
318 4637 421 4690 tradita
439 4637 524 4690 rerba
541 4643 647 4690 mutare
667 4636 778 4690 mavult.

165 4725 196 4783 Η)
214 4726 321 4796 imigne
339 4726 450 4779 uirtutis
470 4725 501 4789 U,
521 4727 592 4792 quod
612 4741 705 4779 verum
725 4740 786 4780 esse
805 4742 839 4780 ex
858 4725 880 4780 G
902 4723 1075 4795 perspicitur.
1103 4724 1221 4793 insignis
1238 4723 1340 4777 uirtute
1357 4725 1383 4778 S.

165 4814 196 4879 ΙΙ)
214 4815 326 4868 inermis
345 4831 377 4868 ex
398 4815 421 4868 G
440 4815 488 4868 sub
508 4815 600 4868 Leone
619 4832 645 4883 p.
667 4816 725 4878 131,
745 4815 780 4868 22
800 4815 912 4880 tCatast.
933 4815 1027 4882 fragm.
1049 4813 1101 4866 XII
1121 4831 1147 4882 p.
1166 4814 1199 4868 97
1220 4814 1290 4880 04).

165 4904 195 4969 ¹⁴)
215 4921 328 4958 curram
347 4920 381 4958 aa
400 4903 545 4972 Fulgentio
563 4905 591 4959 II
611 4905 645 4958 14
664 4921 686 4958 v.
706 4891 786 4958 infra:

166 4991 195 5062 ¹⁵)
214 4995 326 5062 iungere
346 4993 376 5046 U.
395 4992 511 5062 inrepere
529 4994 554 5048 S.
