<?xml version="1.0" encoding="UTF-8"?>
<!DOCTYPE html PUBLIC "-//W3C//DTD XHTML 1.0 Transitional//EN"
    "http://www.w3.org/TR/xhtml1/DTD/xhtml1-transitional.dtd">
<html xmlns="http://www.w3.org/1999/xhtml" xml:lang="en" lang="en">
 <head>
  <title>
</title>
<meta http-equiv="Content-Type" content="text/html;charset=utf-8" />
  <meta name='ocr-system' content='tesseract 3.04.00' />
  <meta name='ocr-capabilities' content='ocr_page ocr_carea ocr_par ocr_line ocrx_word'/>
</head>
<body>
  <div class='ocr_page' id='page_1' title='image "./eratostheniscat01eratgoog_0051.png"; bbox 0 0 3908 5802; ppageno 0'>
   <div class='ocr_carea' id='block_1_1' title="bbox 344 413 386 476">
    <p class='ocr_par' dir='ltr' id='par_1_1' title="bbox 344 413 386 476">
     <span class='ocr_line' id='line_1_1' title="bbox 344 413 386 476; baseline 0 0"><span class='ocrx_word' id='word_1_1' title='bbox 344 413 386 476; x_wconf 75' lang='lat'><strong>34</strong></span> 
     </span>
    </p>
   </div>
   <div class='ocr_carea' id='block_1_2' title="bbox 343 575 1948 780">
    <p class='ocr_par' dir='ltr' id='par_1_2' title="bbox 343 575 1948 780">
     <span class='ocr_line' id='line_1_2' title="bbox 345 575 1948 676; baseline -0.01 -20"><span class='ocrx_word' id='word_1_2' title='bbox 345 591 379 656; x_wconf 80' lang='grc' dir='ltr'><strong>δὲ</strong></span> <span class='ocrx_word' id='word_1_3' title='bbox 407 583 546 676; x_wconf 76' lang='grc' dir='ltr'><strong><em>ἄστε’ρας</em></strong></span> <span class='ocrx_word' id='word_1_4' title='bbox 570 587 624 654; x_wconf 74' lang='grc' dir='ltr'><strong>ἐπὶ</strong></span> <span class='ocrx_word' id='word_1_5' title='bbox 646 587 708 671; x_wconf 82' lang='grc' dir='ltr'><strong>μὲν</strong></span> <span class='ocrx_word' id='word_1_6' title='bbox 730 593 788 672; x_wconf 84' lang='grc' dir='ltr'><strong>τῆς</strong></span> <span class='ocrx_word' id='word_1_7' title='bbox 810 589 956 671; x_wconf 79' lang='grc' dir='ltr'><em>κεφαλῆς</em></span> <span class='ocrx_word' id='word_1_8' title='bbox 979 589 1150 669; x_wconf 75' lang='grc' dir='ltr'><strong><em>λαμπρους</em></strong></span> <span class='ocrx_word' id='word_1_9' title='bbox 1171 578 1211 668; x_wconf 80' lang='grc' dir='ltr'><strong>γ’,</strong></span> <span class='ocrx_word' id='word_1_10' title='bbox 1239 580 1294 648; x_wconf 73' lang='grc' dir='ltr'><strong>ἐπὶ</strong></span> <span class='ocrx_word' id='word_1_11' title='bbox 1317 581 1353 648; x_wconf 78' lang='grc' dir='ltr'><strong>δὲ</strong></span> <span class='ocrx_word' id='word_1_12' title='bbox 1376 587 1438 648; x_wconf 88' lang='grc' dir='ltr'><strong>τοῦ</strong></span> <span class='ocrx_word' id='word_1_13' title='bbox 1461 575 1613 668; x_wconf 83' lang='grc' dir='ltr'><strong><em>σώματος</em></strong></span> <span class='ocrx_word' id='word_1_14' title='bbox 1636 576 1699 658; x_wconf 75' lang='grc' dir='ltr'><strong>ἕως</strong></span> <span class='ocrx_word' id='word_1_15' title='bbox 1721 587 1780 668; x_wconf 72' lang='grc' dir='ltr'><strong>τῆς</strong></span> <span class='ocrx_word' id='word_1_16' title='bbox 1802 576 1877 664; x_wconf 77' lang='grc' dir='ltr'><strong><em>κέρ·</em></strong></span> <span class='ocrx_word' id='word_1_17' title='bbox 1947 635 1948 640; x_wconf 73' lang='grc'>,</span> 
     </span>
     <span class='ocr_line' id='line_1_3' title="bbox 343 692 893 780; baseline -0.013 -17"><span class='ocrx_word' id='word_1_18' title='bbox 343 722 407 764; x_wconf 87' lang='grc' dir='ltr'><strong>κου</strong></span> <span class='ocrx_word' id='word_1_19' title='bbox 430 695 481 780; x_wconf 81' lang='grc' dir='ltr'><strong>ιβ’.</strong></span> <span class='ocrx_word' id='word_1_20' title='bbox 527 701 638 763; x_wconf 87' lang='lat' dir='ltr'><strong>oontra</strong></span> <span class='ocrx_word' id='word_1_21' title='bbox 660 696 778 761; x_wconf 81' lang='lat' dir='ltr'><strong>Aratus</strong></span> <span class='ocrx_word' id='word_1_22' title='bbox 800 715 827 758; x_wconf 85' lang='lat' dir='ltr'><strong>v.</strong></span> <span class='ocrx_word' id='word_1_23' title='bbox 850 692 893 756; x_wconf 81' lang='lat'><strong>55</strong></span> 
     </span>
    </p>
   </div>
   <div class='ocr_carea' id='block_1_3' title="bbox 591 862 1635 1174">
    <p class='ocr_par' dir='ltr' id='par_1_3' title="bbox 591 862 1635 1174">
     <span class='ocr_line' id='line_1_4' title="bbox 750 862 1450 956; baseline -0.007 -18"><span class='ocrx_word' id='word_1_24' title='bbox 750 865 826 938; x_wconf 74' lang='grc' dir='ltr'><strong>οὐδ’</strong></span> <span class='ocrx_word' id='word_1_25' title='bbox 848 867 919 950; x_wconf 77' lang='grc' dir='ltr'><strong><em>οἷος</em></strong></span> <span class='ocrx_word' id='word_1_26' title='bbox 942 875 1070 956; x_wconf 76' lang='grc' dir='ltr'><strong><em>κεφαλῇ</em></strong></span> <span class='ocrx_word' id='word_1_27' title='bbox 1094 865 1312 954; x_wconf 76' lang='grc' dir='ltr'><strong><em>ἐπιλάμκεταε</em></strong></span> <span class='ocrx_word' id='word_1_28' title='bbox 1336 862 1450 955; x_wconf 75' lang='grc' dir='ltr'><strong><em>ἀστήρ,</em></strong></span> 
     </span>
     <span class='ocr_line' id='line_1_5' title="bbox 592 969 1635 1065; baseline -0.006 -18"><span class='ocrx_word' id='word_1_29' title='bbox 592 973 674 1046; x_wconf 70' lang='grc' dir='ltr'><strong>ἀλλὰ</strong></span> <span class='ocrx_word' id='word_1_30' title='bbox 699 975 759 1044; x_wconf 73' lang='grc' dir='ltr'><strong>δύο</strong></span> <span class='ocrx_word' id='word_1_31' title='bbox 783 974 975 1065; x_wconf 72' lang='grc' dir='ltr'><strong><em>κροτάφοις,</em></strong></span> <span class='ocrx_word' id='word_1_32' title='bbox 999 973 1059 1044; x_wconf 81' lang='grc' dir='ltr'><strong>δύο</strong></span> <span class='ocrx_word' id='word_1_33' title='bbox 1084 969 1117 1042; x_wconf 80' lang='grc' dir='ltr'><strong>δ’</strong></span> <span class='ocrx_word' id='word_1_34' title='bbox 1141 969 1296 1062; x_wconf 80' lang='grc' dir='ltr'><strong><em>ὄμμασιν·</em></strong></span> <span class='ocrx_word' id='word_1_35' title='bbox 1321 971 1366 1052; x_wconf 67' lang='grc' dir='ltr'><strong><em>εἷς</em></strong></span> <span class='ocrx_word' id='word_1_36' title='bbox 1390 969 1423 1041; x_wconf 80' lang='grc' dir='ltr'><strong>δ’</strong></span> <span class='ocrx_word' id='word_1_37' title='bbox 1447 969 1635 1060; x_wconf 71' lang='grc' dir='ltr'><strong><em>ὑπένερθεν·</em></strong></span> 
     </span>
     <span class='ocr_line' id='line_1_6' title="bbox 591 1079 1351 1174; baseline -0.005 -21"><span class='ocrx_word' id='word_1_38' title='bbox 591 1079 744 1174; x_wconf 77' lang='grc' dir='ltr'><strong><em>ἐσχατιὴν</em></strong></span> <span class='ocrx_word' id='word_1_39' title='bbox 767 1084 875 1172; x_wconf 73' lang='grc' dir='ltr'><strong><em>ἐπέχει</em></strong></span> <span class='ocrx_word' id='word_1_40' title='bbox 897 1085 1015 1172; x_wconf 81' lang='grc' dir='ltr'><strong><em>γένυος</em></strong></span> <span class='ocrx_word' id='word_1_41' title='bbox 1038 1086 1162 1150; x_wconf 76' lang='grc' dir='ltr'><strong><em>δεινοῖο</em></strong></span> <span class='ocrx_word' id='word_1_42' title='bbox 1185 1080 1351 1170; x_wconf 78' lang='grc' dir='ltr'><strong><em>πελώρου.</em></strong></span> 
     </span>
    </p>
   </div>
   <div class='ocr_carea' id='block_1_4' title="bbox 342 1263 1948 4666">
    <p class='ocr_par' dir='ltr' id='par_1_4' title="bbox 342 1263 1948 4666">
     <span class='ocr_line' id='line_1_7' title="bbox 344 1263 1878 1353; baseline -0.004 -21"><span class='ocrx_word' id='word_1_43' title='bbox 344 1269 481 1353; x_wconf 88' lang='lat' dir='ltr'><strong>quinque</strong></span> <span class='ocrx_word' id='word_1_44' title='bbox 504 1268 600 1352; x_wconf 91' lang='lat' dir='ltr'><strong>igitur</strong></span> <span class='ocrx_word' id='word_1_45' title='bbox 622 1267 655 1331; x_wconf 86' lang='lat' dir='ltr'><strong>in</strong></span> <span class='ocrx_word' id='word_1_46' title='bbox 678 1269 781 1350; x_wconf 84' lang='lat' dir='ltr'><strong>capite</strong></span> <span class='ocrx_word' id='word_1_47' title='bbox 805 1267 912 1331; x_wconf 88' lang='lat' dir='ltr'><strong>stellas</strong></span> <span class='ocrx_word' id='word_1_48' title='bbox 935 1266 1060 1342; x_wconf 88' lang='lat' dir='ltr'><strong>Aratus,</strong></span> <span class='ocrx_word' id='word_1_49' title='bbox 1083 1271 1147 1331; x_wconf 86' lang='lat' dir='ltr'><strong>tres</strong></span> <span class='ocrx_word' id='word_1_50' title='bbox 1174 1264 1320 1348; x_wconf 89' lang='lat' dir='ltr'><strong>Epitome</strong></span> <span class='ocrx_word' id='word_1_51' title='bbox 1342 1265 1573 1350; x_wconf 52' lang='lat' dir='ltr'><strong>enumeratus</strong></span> <span class='ocrx_word' id='word_1_52' title='bbox 1599 1265 1706 1348; x_wconf 85' lang='lat' dir='ltr'><strong>itaquo</strong></span> <span class='ocrx_word' id='word_1_53' title='bbox 1734 1263 1769 1327; x_wconf 92' lang='lat' dir='ltr'><strong>hi</strong></span> <span class='ocrx_word' id='word_1_54' title='bbox 1792 1268 1878 1328; x_wconf 70' lang='lat' dir='ltr'><strong>carta·</strong></span> 
     </span>
     <span class='ocr_line' id='line_1_8' title="bbox 342 1355 1941 1457; baseline -0.002 -19"><span class='ocrx_word' id='word_1_55' title='bbox 342 1375 406 1457; x_wconf 91' lang='lat' dir='ltr'><strong>logi</strong></span> <span class='ocrx_word' id='word_1_56' title='bbox 429 1375 470 1439; x_wconf 89' lang='lat' dir='ltr'><strong>ab</strong></span> <span class='ocrx_word' id='word_1_57' title='bbox 494 1375 629 1450; x_wconf 89' lang='lat' dir='ltr'><strong>homino,</strong></span> <span class='ocrx_word' id='word_1_58' title='bbox 652 1375 706 1457; x_wconf 92' lang='lat' dir='ltr'><strong>qui</strong></span> <span class='ocrx_word' id='word_1_59' title='bbox 731 1374 863 1439; x_wconf 81' lang='lat' dir='ltr'><strong>Aratum</strong></span> <span class='ocrx_word' id='word_1_60' title='bbox 886 1375 1109 1438; x_wconf 87' lang='lat' dir='ltr'><strong>commentario</strong></span> <span class='ocrx_word' id='word_1_61' title='bbox 1132 1373 1288 1436; x_wconf 82' lang='lat' dir='ltr'><strong>instruere</strong></span> <span class='ocrx_word' id='word_1_62' title='bbox 1310 1373 1453 1448; x_wconf 82' lang='lat' dir='ltr'><strong>voluerit,</strong></span> <span class='ocrx_word' id='word_1_63' title='bbox 1476 1371 1594 1436; x_wconf 89' lang='lat' dir='ltr'><strong>conditi</strong></span> <span class='ocrx_word' id='word_1_64' title='bbox 1618 1393 1686 1436; x_wconf 88' lang='lat' dir='ltr'><strong>osse</strong></span> <span class='ocrx_word' id='word_1_65' title='bbox 1709 1377 1878 1454; x_wconf 75' lang='lat' dir='ltr'><strong>nequeunt.</strong></span> <span class='ocrx_word' id='word_1_66' title='bbox 1940 1355 1941 1377; x_wconf 52' lang='lat'><em>÷</em></span> 
     </span>
     <span class='ocr_line' id='line_1_9' title="bbox 432 1478 1948 1564; baseline -0.004 -17"><span class='ocrx_word' id='word_1_67' title='bbox 432 1483 519 1561; x_wconf 78' lang='lat' dir='ltr'><strong>Quae</strong></span> <span class='ocrx_word' id='word_1_68' title='bbox 537 1482 564 1546; x_wconf 90' lang='lat' dir='ltr'><strong>si</strong></span> <span class='ocrx_word' id='word_1_69' title='bbox 583 1485 667 1545; x_wconf 87' lang='lat' dir='ltr'><strong>recte</strong></span> <span class='ocrx_word' id='word_1_70' title='bbox 686 1482 921 1564; x_wconf 88' lang='lat' dir='ltr'><strong>disputavimus,</strong></span> <span class='ocrx_word' id='word_1_71' title='bbox 940 1487 1009 1545; x_wconf 91' lang='lat' dir='ltr'><strong>tota</strong></span> <span class='ocrx_word' id='word_1_72' title='bbox 1025 1501 1076 1544; x_wconf 91' lang='lat' dir='ltr'><strong>res</strong></span> <span class='ocrx_word' id='word_1_73' title='bbox 1095 1481 1142 1544; x_wconf 89' lang='lat' dir='ltr'><strong>ita</strong></span> <span class='ocrx_word' id='word_1_74' title='bbox 1159 1501 1226 1544; x_wconf 89' lang='lat' dir='ltr'><strong>sese</strong></span> <span class='ocrx_word' id='word_1_75' title='bbox 1244 1479 1349 1544; x_wconf 87' lang='lat' dir='ltr'><strong>habet.</strong></span> <span class='ocrx_word' id='word_1_76' title='bbox 1378 1479 1601 1544; x_wconf 71' lang='lat' dir='ltr'><strong>Eratosthenes</strong></span> <span class='ocrx_word' id='word_1_77' title='bbox 1619 1478 1734 1543; x_wconf 91' lang='lat' dir='ltr'><strong>librum</strong></span> <span class='ocrx_word' id='word_1_78' title='bbox 1753 1479 1881 1561; x_wconf 82' lang='lat' dir='ltr'><strong>scripsit</strong></span> <span class='ocrx_word' id='word_1_79' title='bbox 1947 1501 1948 1504; x_wconf 44' lang='lat'>¹</span> 
     </span>
     <span class='ocr_line' id='line_1_10' title="bbox 342 1585 1880 1671; baseline -0.002 -19"><span class='ocrx_word' id='word_1_80' title='bbox 342 1611 405 1671; x_wconf 91' lang='lat' dir='ltr'><strong>quo</strong></span> <span class='ocrx_word' id='word_1_81' title='bbox 433 1593 465 1654; x_wconf 88' lang='lat' dir='ltr'><strong>et</strong></span> <span class='ocrx_word' id='word_1_82' title='bbox 492 1587 616 1653; x_wconf 86' lang='lat' dir='ltr'><strong>fabulas</strong></span> <span class='ocrx_word' id='word_1_83' title='bbox 643 1609 724 1670; x_wconf 89' lang='lat' dir='ltr'><strong>quae</strong></span> <span class='ocrx_word' id='word_1_84' title='bbox 751 1588 792 1653; x_wconf 89' lang='lat' dir='ltr'><strong>ad</strong></span> <span class='ocrx_word' id='word_1_85' title='bbox 819 1587 925 1653; x_wconf 90' lang='lat' dir='ltr'><strong>sidera</strong></span> <span class='ocrx_word' id='word_1_86' title='bbox 950 1588 1147 1671; x_wconf 80' lang='lat' dir='ltr'><strong>pertinerent</strong></span> <span class='ocrx_word' id='word_1_87' title='bbox 1173 1608 1211 1651; x_wconf 88' lang='lat' dir='ltr'><strong>ex</strong></span> <span class='ocrx_word' id='word_1_88' title='bbox 1240 1585 1445 1670; x_wconf 81' lang='lat' dir='ltr'><strong>scriptoribus</strong></span> <span class='ocrx_word' id='word_1_89' title='bbox 1467 1587 1630 1671; x_wconf 80' lang='lat' dir='ltr'><strong>postisque</strong></span> <span class='ocrx_word' id='word_1_90' title='bbox 1652 1585 1827 1670; x_wconf 90' lang='lat' dir='ltr'><strong>conligeret</strong></span> <span class='ocrx_word' id='word_1_91' title='bbox 1850 1593 1880 1649; x_wconf 87' lang='lat' dir='ltr'><strong>et</strong></span> 
     </span>
     <span class='ocr_line' id='line_1_11' title="bbox 343 1693 1881 1780; baseline -0.003 -20"><span class='ocrx_word' id='word_1_92' title='bbox 343 1695 482 1780; x_wconf 88' lang='lat' dir='ltr'><strong>singulas</strong></span> <span class='ocrx_word' id='word_1_93' title='bbox 509 1695 669 1778; x_wconf 90' lang='lat' dir='ltr'><strong>signorum</strong></span> <span class='ocrx_word' id='word_1_94' title='bbox 696 1694 804 1764; x_wconf 89' lang='lat' dir='ltr'><strong>stellas</strong></span> <span class='ocrx_word' id='word_1_95' title='bbox 831 1700 1037 1760; x_wconf 88' lang='lat' dir='ltr'><strong>enumeraret.</strong></span> <span class='ocrx_word' id='word_1_96' title='bbox 1083 1695 1193 1760; x_wconf 88' lang='lat' dir='ltr'><strong>eodem</strong></span> <span class='ocrx_word' id='word_1_97' title='bbox 1218 1693 1301 1758; x_wconf 89' lang='lat' dir='ltr'><strong>libro</strong></span> <span class='ocrx_word' id='word_1_98' title='bbox 1328 1693 1407 1758; x_wconf 85' lang='lat' dir='ltr'><strong>alias</strong></span> <span class='ocrx_word' id='word_1_99' title='bbox 1435 1714 1571 1777; x_wconf 91' lang='lat' dir='ltr'><strong>quoque,</strong></span> <span class='ocrx_word' id='word_1_100' title='bbox 1598 1713 1679 1775; x_wconf 87' lang='lat' dir='ltr'><strong>quae</strong></span> <span class='ocrx_word' id='word_1_101' title='bbox 1706 1694 1747 1758; x_wconf 89' lang='lat' dir='ltr'><strong>ad</strong></span> <span class='ocrx_word' id='word_1_102' title='bbox 1774 1693 1881 1757; x_wconf 88' lang='lat' dir='ltr'><strong>sidera</strong></span> 
     </span>
     <span class='ocr_line' id='line_1_12' title="bbox 343 1799 1880 1886; baseline -0.003 -19"><span class='ocrx_word' id='word_1_103' title='bbox 343 1801 536 1886; x_wconf 77' lang='lat' dir='ltr'><strong>spectabant,</strong></span> <span class='ocrx_word' id='word_1_104' title='bbox 559 1801 759 1884; x_wconf 80' lang='lat' dir='ltr'><strong>quaestiones</strong></span> <span class='ocrx_word' id='word_1_105' title='bbox 782 1807 933 1867; x_wconf 85' lang='lat' dir='ltr'><strong>tractatas</strong></span> <span class='ocrx_word' id='word_1_106' title='bbox 957 1802 1053 1868; x_wconf 86' lang='lat' dir='ltr'><strong>fuisso</strong></span> <span class='ocrx_word' id='word_1_107' title='bbox 1072 1802 1137 1866; x_wconf 87' lang='lat' dir='ltr'><strong>veri</strong></span> <span class='ocrx_word' id='word_1_108' title='bbox 1160 1801 1261 1866; x_wconf 88' lang='lat' dir='ltr'><strong>simile</strong></span> <span class='ocrx_word' id='word_1_109' title='bbox 1284 1806 1340 1876; x_wconf 75' lang='lat' dir='ltr'><strong>est,</strong></span> <span class='ocrx_word' id='word_1_110' title='bbox 1363 1802 1418 1866; x_wconf 76' lang='lat' dir='ltr'><strong>sod</strong></span> <span class='ocrx_word' id='word_1_111' title='bbox 1441 1799 1546 1865; x_wconf 89' lang='lat' dir='ltr'><strong>adhuc</strong></span> <span class='ocrx_word' id='word_1_112' title='bbox 1567 1800 1662 1866; x_wconf 88' lang='lat' dir='ltr'><strong>certis</strong></span> <span class='ocrx_word' id='word_1_113' title='bbox 1684 1801 1880 1882; x_wconf 82' lang='lat' dir='ltr'><strong>argumentis</strong></span> 
     </span>
     <span class='ocr_line' id='line_1_13' title="bbox 342 1903 1878 1993; baseline -0.002 -20"><span class='ocrx_word' id='word_1_114' title='bbox 342 1909 484 1974; x_wconf 75' lang='lat' dir='ltr'><strong>emncere</strong></span> <span class='ocrx_word' id='word_1_115' title='bbox 507 1929 637 1993; x_wconf 88' lang='lat' dir='ltr'><strong>nequeo.</strong></span> <span class='ocrx_word' id='word_1_116' title='bbox 681 1907 792 1973; x_wconf 84' lang='lat' dir='ltr'><strong>titulus</strong></span> <span class='ocrx_word' id='word_1_117' title='bbox 815 1914 920 1973; x_wconf 85' lang='lat' dir='ltr'><strong>autem</strong></span> <span class='ocrx_word' id='word_1_118' title='bbox 941 1909 1016 1973; x_wconf 90' lang='lat' dir='ltr'><strong>huic</strong></span> <span class='ocrx_word' id='word_1_119' title='bbox 1036 1907 1119 1974; x_wconf 90' lang='lat' dir='ltr'><strong>libro</strong></span> <span class='ocrx_word' id='word_1_120' title='bbox 1142 1913 1211 1972; x_wconf 84' lang='lat' dir='ltr'><strong>erat</strong></span> <span class='ocrx_word' id='word_1_121' title='bbox 1234 1903 1489 1992; x_wconf 70' lang='grc' dir='ltr'><strong><em>Κατάλογοι;“)</em></strong></span> <span class='ocrx_word' id='word_1_122' title='bbox 1517 1908 1564 1972; x_wconf 87' lang='lat' dir='ltr'><strong>ita</strong></span> <span class='ocrx_word' id='word_1_123' title='bbox 1586 1907 1669 1972; x_wconf 86' lang='lat' dir='ltr'><strong>enim</strong></span> <span class='ocrx_word' id='word_1_124' title='bbox 1692 1912 1823 1971; x_wconf 74' lang='lat' dir='ltr'><strong>voratur</strong></span> <span class='ocrx_word' id='word_1_125' title='bbox 1848 1906 1878 1970; x_wconf 91' lang='lat' dir='ltr'><strong>in</strong></span> 
     </span>
     <span class='ocr_line' id='line_1_14' title="bbox 343 2014 1878 2098; baseline -0.003 -18"><span class='ocrx_word' id='word_1_126' title='bbox 343 2015 470 2080; x_wconf 88' lang='lat' dir='ltr'><strong>scholiis</strong></span> <span class='ocrx_word' id='word_1_127' title='bbox 488 2014 592 2080; x_wconf 90' lang='lat' dir='ltr'><strong>Iliacis</strong></span> <span class='ocrx_word' id='word_1_128' title='bbox 610 2019 645 2080; x_wconf 88' lang='lat' dir='ltr'>X</span> <span class='ocrx_word' id='word_1_129' title='bbox 660 2016 711 2093; x_wconf 82' lang='lat'><strong>29,</strong></span> <span class='ocrx_word' id='word_1_130' title='bbox 729 2015 784 2080; x_wconf 90' lang='lat' dir='ltr'><strong>ubi</strong></span> <span class='ocrx_word' id='word_1_131' title='bbox 803 2037 841 2080; x_wconf 86' lang='lat' dir='ltr'><strong>ex</strong></span> <span class='ocrx_word' id='word_1_132' title='bbox 858 2015 922 2081; x_wconf 88' lang='lat' dir='ltr'><strong>illis</strong></span> <span class='ocrx_word' id='word_1_133' title='bbox 938 2015 1031 2080; x_wconf 71' lang='lat' dir='ltr'><strong>Icarii</strong></span> <span class='ocrx_word' id='word_1_134' title='bbox 1050 2015 1149 2080; x_wconf 87' lang='lat' dir='ltr'><strong>fatum</strong></span> <span class='ocrx_word' id='word_1_135' title='bbox 1168 2036 1296 2098; x_wconf 88' lang='lat' dir='ltr'><strong>prorsus</strong></span> <span class='ocrx_word' id='word_1_136' title='bbox 1315 2014 1423 2078; x_wconf 88' lang='lat' dir='ltr'><strong>eodem</strong></span> <span class='ocrx_word' id='word_1_137' title='bbox 1444 2015 1536 2080; x_wconf 89' lang='lat' dir='ltr'><strong>modo</strong></span> <span class='ocrx_word' id='word_1_138' title='bbox 1555 2018 1711 2088; x_wconf 86' lang='lat' dir='ltr'><strong>narratur,</strong></span> <span class='ocrx_word' id='word_1_139' title='bbox 1729 2020 1828 2096; x_wconf 90' lang='lat' dir='ltr'><strong>atquo</strong></span> <span class='ocrx_word' id='word_1_140' title='bbox 1848 2016 1878 2077; x_wconf 90' lang='lat' dir='ltr'><strong>in</strong></span> 
     </span>
     <span class='ocr_line' id='line_1_15' title="bbox 344 2121 1948 2203; baseline -0.002 -17"><span class='ocrx_word' id='word_1_141' title='bbox 344 2121 575 2187; x_wconf 86' lang='lat' dir='ltr'><strong>Catasterismis</strong></span> <span class='ocrx_word' id='word_1_142' title='bbox 601 2121 719 2188; x_wconf 82' lang='lat' dir='ltr'><strong>facturn</strong></span> <span class='ocrx_word' id='word_1_143' title='bbox 747 2145 815 2187; x_wconf 90' lang='lat' dir='ltr'><strong>osse</strong></span> <span class='ocrx_word' id='word_1_144' title='bbox 841 2122 1060 2187; x_wconf 88' lang='lat' dir='ltr'><strong>intelleximus.</strong></span> <span class='ocrx_word' id='word_1_145' title='bbox 1106 2121 1143 2186; x_wconf 88' lang='lat' dir='ltr'><strong>cf.</strong></span> <span class='ocrx_word' id='word_1_146' title='bbox 1172 2121 1273 2186; x_wconf 89' lang='lat' dir='ltr'><strong>Hiller</strong></span> <span class='ocrx_word' id='word_1_147' title='bbox 1296 2121 1495 2186; x_wconf 89' lang='lat' dir='ltr'><strong>Eratosthen.</strong></span> <span class='ocrx_word' id='word_1_148' title='bbox 1524 2121 1651 2185; x_wconf 88' lang='lat' dir='ltr'><strong>carmin.</strong></span> <span class='ocrx_word' id='word_1_149' title='bbox 1696 2121 1750 2186; x_wconf 91' lang='lat' dir='ltr'><strong>rel.</strong></span> <span class='ocrx_word' id='word_1_150' title='bbox 1773 2143 1802 2203; x_wconf 92' lang='lat' dir='ltr'><strong>p.</strong></span> <span class='ocrx_word' id='word_1_151' title='bbox 1830 2122 1880 2184; x_wconf 78' lang='grc'><strong>68.</strong></span> <span class='ocrx_word' id='word_1_152' title='bbox 1937 2156 1948 2182; x_wconf 65' lang='grc' dir='ltr'><strong>ι,</strong></span> 
     </span>
     <span class='ocr_line' id='line_1_16' title="bbox 342 2180 1941 2313; baseline -0.001 -21"><span class='ocrx_word' id='word_1_153' title='bbox 342 2249 444 2312; x_wconf 89' lang='lat' dir='ltr'><strong>neque</strong></span> <span class='ocrx_word' id='word_1_154' title='bbox 467 2229 549 2292; x_wconf 89' lang='lat' dir='ltr'><strong>enim</strong></span> <span class='ocrx_word' id='word_1_155' title='bbox 573 2229 781 2294; x_wconf 86' lang='lat' dir='ltr'><strong>dubitandum</strong></span> <span class='ocrx_word' id='word_1_156' title='bbox 804 2250 872 2294; x_wconf 90' lang='lat' dir='ltr'><strong>esse</strong></span> <span class='ocrx_word' id='word_1_157' title='bbox 895 2229 1028 2307; x_wconf 82' lang='lat' dir='ltr'><strong>videtur,</strong></span> <span class='ocrx_word' id='word_1_158' title='bbox 1051 2230 1126 2313; x_wconf 92' lang='lat' dir='ltr'><strong>quin</strong></span> <span class='ocrx_word' id='word_1_159' title='bbox 1150 2229 1182 2293; x_wconf 91' lang='lat' dir='ltr'><strong>in</strong></span> <span class='ocrx_word' id='word_1_160' title='bbox 1205 2227 1332 2294; x_wconf 87' lang='lat' dir='ltr'><strong>scholiis</strong></span> <span class='ocrx_word' id='word_1_161' title='bbox 1356 2230 1387 2292; x_wconf 92' lang='lat' dir='ltr'><strong>in</strong></span> <span class='ocrx_word' id='word_1_162' title='bbox 1412 2227 1542 2292; x_wconf 84' lang='lat' dir='ltr'><strong>[lisdem</strong></span> <span class='ocrx_word' id='word_1_163' title='bbox 1565 2249 1628 2292; x_wconf 90' lang='lat' dir='ltr'><strong>non</strong></span> <span class='ocrx_word' id='word_1_164' title='bbox 1651 2229 1880 2311; x_wconf 82' lang='lat' dir='ltr'><strong>compendium,</strong></span> <span class='ocrx_word' id='word_1_165' title='bbox 1933 2180 1941 2255; x_wconf 67' lang='grc' dir='ltr'>Ι</span> 
     </span>
     <span class='ocr_line' id='line_1_17' title="bbox 343 2329 1881 2420; baseline -0.001 -20"><span class='ocrx_word' id='word_1_166' title='bbox 343 2336 399 2401; x_wconf 90' lang='lat' dir='ltr'><strong>sod</strong></span> <span class='ocrx_word' id='word_1_167' title='bbox 435 2337 605 2418; x_wconf 89' lang='lat' dir='ltr'><strong>genuinum</strong></span> <span class='ocrx_word' id='word_1_168' title='bbox 636 2335 857 2400; x_wconf 79' lang='lat' dir='ltr'><strong>Eratosthenis</strong></span> <span class='ocrx_word' id='word_1_169' title='bbox 888 2357 967 2420; x_wconf 91' lang='lat' dir='ltr'><strong>opus</strong></span> <span class='ocrx_word' id='word_1_170' title='bbox 998 2335 1202 2419; x_wconf 87' lang='lat' dir='ltr'><strong>significetur;</strong></span> <span class='ocrx_word' id='word_1_171' title='bbox 1238 2334 1318 2400; x_wconf 89' lang='lat' dir='ltr'><strong>illud</strong></span> <span class='ocrx_word' id='word_1_172' title='bbox 1348 2335 1446 2418; x_wconf 89' lang='lat' dir='ltr'><strong>igitur</strong></span> <span class='ocrx_word' id='word_1_173' title='bbox 1478 2329 1666 2418; x_wconf 84' lang='grc' dir='ltr'><strong><em>Κατάλογοι</em></strong></span> <span class='ocrx_word' id='word_1_174' title='bbox 1698 2335 1777 2416; x_wconf 88' lang='lat' dir='ltr'><strong>(soil.</strong></span> <span class='ocrx_word' id='word_1_175' title='bbox 1810 2343 1881 2398; x_wconf 76' lang='grc' dir='ltr'><strong>τῶν</strong></span> 
     </span>
     <span class='ocr_line' id='line_1_18' title="bbox 343 2437 1880 2528; baseline -0.001 -20"><span class='ocrx_word' id='word_1_176' title='bbox 343 2437 501 2528; x_wconf 84' lang='grc' dir='ltr'><strong><em>ἄστρων),</em></strong></span> <span class='ocrx_word' id='word_1_177' title='bbox 523 2442 584 2507; x_wconf 92' lang='lat' dir='ltr'><strong>hoc</strong></span> <span class='ocrx_word' id='word_1_178' title='bbox 602 2443 867 2527; x_wconf 82' lang='grc' dir='ltr'><strong><em>Καταστερισμολ</em></strong></span> <span class='ocrx_word' id='word_1_179' title='bbox 889 2442 1074 2526; x_wconf 84' lang='lat' dir='ltr'><strong>inscriptum</strong></span> <span class='ocrx_word' id='word_1_180' title='bbox 1098 2441 1193 2507; x_wconf 89' lang='lat' dir='ltr'><strong>fuisse</strong></span> <span class='ocrx_word' id='word_1_181' title='bbox 1215 2441 1361 2506; x_wconf 89' lang='lat' dir='ltr'><strong>arbitror.</strong></span> <span class='ocrx_word' id='word_1_182' title='bbox 1384 2442 1441 2506; x_wconf 90' lang='lat' dir='ltr'><strong>sed</strong></span> <span class='ocrx_word' id='word_1_183' title='bbox 1463 2463 1533 2507; x_wconf 88' lang='lat' dir='ltr'><strong>curn</strong></span> <span class='ocrx_word' id='word_1_184' title='bbox 1556 2441 1589 2506; x_wconf 91' lang='lat' dir='ltr'><strong>in</strong></span> <span class='ocrx_word' id='word_1_185' title='bbox 1607 2440 1733 2506; x_wconf 88' lang='lat' dir='ltr'><strong>scholiis</strong></span> <span class='ocrx_word' id='word_1_186' title='bbox 1752 2441 1785 2504; x_wconf 91' lang='lat' dir='ltr'><strong>in</strong></span> <span class='ocrx_word' id='word_1_187' title='bbox 1805 2441 1880 2506; x_wconf 88' lang='lat' dir='ltr'><strong>Ilia·</strong></span> 
     </span>
     <span class='ocr_line' id='line_1_19' title="bbox 343 2547 1948 2632; baseline -0.002 -17"><span class='ocrx_word' id='word_1_188' title='bbox 343 2550 414 2615; x_wconf 91' lang='lat' dir='ltr'><strong>dem</strong></span> <span class='ocrx_word' id='word_1_189' title='bbox 442 2549 627 2632; x_wconf 86' lang='lat' dir='ltr'><strong>conscriptis</strong></span> <span class='ocrx_word' id='word_1_190' title='bbox 650 2549 817 2632; x_wconf 87' lang='lat' dir='ltr'><strong>Catalogos</strong></span> <span class='ocrx_word' id='word_1_191' title='bbox 845 2549 940 2615; x_wconf 87' lang='lat' dir='ltr'><strong>semel</strong></span> <span class='ocrx_word' id='word_1_192' title='bbox 967 2550 1140 2632; x_wconf 84' lang='lat' dir='ltr'><strong>exscriptos</strong></span> <span class='ocrx_word' id='word_1_193' title='bbox 1168 2571 1234 2614; x_wconf 89' lang='lat' dir='ltr'><strong>esse</strong></span> <span class='ocrx_word' id='word_1_194' title='bbox 1262 2553 1396 2625; x_wconf 91' lang='lat' dir='ltr'><strong>constet,</strong></span> <span class='ocrx_word' id='word_1_195' title='bbox 1418 2547 1587 2613; x_wconf 84' lang='lat' dir='ltr'><strong>videndum</strong></span> <span class='ocrx_word' id='word_1_196' title='bbox 1609 2553 1669 2624; x_wconf 86' lang='lat' dir='ltr'><strong>cst,</strong></span> <span class='ocrx_word' id='word_1_197' title='bbox 1696 2550 1879 2614; x_wconf 84' lang='lat' dir='ltr'><strong>numidam</strong></span> <span class='ocrx_word' id='word_1_198' title='bbox 1947 2575 1948 2580; x_wconf 45' lang='lat'>¹</span> 
     </span>
     <span class='ocr_line' id='line_1_20' title="bbox 343 2653 1880 2741; baseline -0.001 -19"><span class='ocrx_word' id='word_1_199' title='bbox 343 2657 467 2740; x_wconf 88' lang='lat' dir='ltr'><strong>saepius</strong></span> <span class='ocrx_word' id='word_1_200' title='bbox 490 2654 608 2721; x_wconf 87' lang='lat' dir='ltr'><strong>factum</strong></span> <span class='ocrx_word' id='word_1_201' title='bbox 631 2657 680 2722; x_wconf 87' lang='lat' dir='ltr'><strong>sit.</strong></span> <span class='ocrx_word' id='word_1_202' title='bbox 717 2663 813 2741; x_wconf 89' lang='lat' dir='ltr'><strong>atquo</strong></span> <span class='ocrx_word' id='word_1_203' title='bbox 835 2677 916 2740; x_wconf 85' lang='lat' dir='ltr'><strong>quae</strong></span> <span class='ocrx_word' id='word_1_204' title='bbox 939 2657 980 2722; x_wconf 89' lang='lat' dir='ltr'><strong>ad</strong></span> <span class='ocrx_word' id='word_1_205' title='bbox 1002 2659 1028 2720; x_wconf 90' lang='grc' dir='ltr'>Ο</span> <span class='ocrx_word' id='word_1_206' title='bbox 1047 2657 1110 2720; x_wconf 79' lang='grc'><strong>229</strong></span> <span class='ocrx_word' id='word_1_207' title='bbox 1135 2657 1174 2720; x_wconf 85' lang='lat' dir='ltr'><strong>do</strong></span> <span class='ocrx_word' id='word_1_208' title='bbox 1192 2656 1275 2722; x_wconf 88' lang='lat' dir='ltr'><strong>Iovis</strong></span> <span class='ocrx_word' id='word_1_209' title='bbox 1293 2655 1430 2739; x_wconf 72' lang='lat' dir='ltr'><strong>puorItia</strong></span> <span class='ocrx_word' id='word_1_210' title='bbox 1448 2655 1604 2738; x_wconf 88' lang='lat' dir='ltr'><strong>leguntur,</strong></span> <span class='ocrx_word' id='word_1_211' title='bbox 1626 2653 1748 2720; x_wconf 90' lang='lat' dir='ltr'><strong>Musaei</strong></span> <span class='ocrx_word' id='word_1_212' title='bbox 1768 2677 1880 2720; x_wconf 73' lang='lat' dir='ltr'><strong>narna-</strong></span> 
     </span>
     <span class='ocr_line' id='line_1_21' title="bbox 342 2761 1881 2848; baseline -0.001 -20"><span class='ocrx_word' id='word_1_213' title='bbox 342 2765 431 2840; x_wconf 88' lang='lat' dir='ltr'><strong>tioni‚</strong></span> <span class='ocrx_word' id='word_1_214' title='bbox 453 2784 533 2848; x_wconf 90' lang='lat' dir='ltr'><strong>quae</strong></span> <span class='ocrx_word' id='word_1_215' title='bbox 555 2761 589 2826; x_wconf 91' lang='lat' dir='ltr'><strong>in</strong></span> <span class='ocrx_word' id='word_1_216' title='bbox 613 2763 843 2830; x_wconf 87' lang='lat' dir='ltr'><strong>Catasterismis</strong></span> <span class='ocrx_word' id='word_1_217' title='bbox 862 2763 940 2828; x_wconf 89' lang='lat' dir='ltr'>XIII</span> <span class='ocrx_word' id='word_1_218' title='bbox 964 2762 1101 2839; x_wconf 83' lang='lat' dir='ltr'><strong>extabat,</strong></span> <span class='ocrx_word' id='word_1_219' title='bbox 1124 2769 1189 2828; x_wconf 86' lang='lat' dir='ltr'><strong>tam</strong></span> <span class='ocrx_word' id='word_1_220' title='bbox 1212 2761 1328 2827; x_wconf 89' lang='lat' dir='ltr'><strong>similia</strong></span> <span class='ocrx_word' id='word_1_221' title='bbox 1350 2768 1433 2838; x_wconf 87' lang='lat' dir='ltr'><strong>sunt,</strong></span> <span class='ocrx_word' id='word_1_222' title='bbox 1455 2767 1491 2826; x_wconf 91' lang='lat' dir='ltr'><strong>ut</strong></span> <span class='ocrx_word' id='word_1_223' title='bbox 1512 2761 1554 2826; x_wconf 87' lang='lat' dir='ltr'><strong>ad</strong></span> <span class='ocrx_word' id='word_1_224' title='bbox 1575 2761 1742 2844; x_wconf 73' lang='lat' dir='ltr'><strong>catalogos</strong></span> <span class='ocrx_word' id='word_1_225' title='bbox 1761 2762 1881 2826; x_wconf 85' lang='lat' dir='ltr'><strong>referre</strong></span> 
     </span>
     <span class='ocr_line' id='line_1_22' title="bbox 342 2859 1942 2953; baseline -0.001 -19"><span class='ocrx_word' id='word_1_226' title='bbox 342 2893 405 2937; x_wconf 91' lang='lat' dir='ltr'><strong>non</strong></span> <span class='ocrx_word' id='word_1_227' title='bbox 437 2870 662 2946; x_wconf 88' lang='lat' dir='ltr'><strong>dubitaverim,</strong></span> <span class='ocrx_word' id='word_1_228' title='bbox 692 2871 876 2953; x_wconf 85' lang='lat' dir='ltr'><strong>praesertim</strong></span> <span class='ocrx_word' id='word_1_229' title='bbox 909 2892 980 2936; x_wconf 89' lang='lat' dir='ltr'><strong>cum</strong></span> <span class='ocrx_word' id='word_1_230' title='bbox 1011 2869 1124 2935; x_wconf 86' lang='lat' dir='ltr'><strong>ultima</strong></span> <span class='ocrx_word' id='word_1_231' title='bbox 1151 2870 1247 2934; x_wconf 87' lang='lat' dir='ltr'><strong>verba</strong></span> <span class='ocrx_word' id='word_1_232' title='bbox 1278 2867 1439 2934; x_wconf 77' lang='grc' dir='ltr'><strong><em>ἐντεῦθεν</em></strong></span> <span class='ocrx_word' id='word_1_233' title='bbox 1466 2859 1571 2932; x_wconf 75' lang='grc' dir='ltr'><strong><em>αὐτόν</em></strong></span> <span class='ocrx_word' id='word_1_234' title='bbox 1598 2885 1701 2950; x_wconf 86' lang='grc' dir='ltr'><strong><em>φασιν</em></strong></span> <span class='ocrx_word' id='word_1_235' title='bbox 1730 2867 1881 2952; x_wconf 76' lang='grc' dir='ltr'><strong><em>αἰγίοχον</em></strong></span> <span class='ocrx_word' id='word_1_236' title='bbox 1938 2890 1942 2907; x_wconf 88' lang='grc'>·</span> 
     </span>
     <span class='ocr_line' id='line_1_23' title="bbox 342 2974 1942 3064; baseline -0.002 -22"><span class='ocrx_word' id='word_1_237' title='bbox 342 2981 657 3064; x_wconf 73' lang='grc' dir='ltr'><strong><em>προσαγορευθῆναι</em></strong></span> <span class='ocrx_word' id='word_1_238' title='bbox 684 2977 804 3042; x_wconf 89' lang='lat' dir='ltr'><strong>Musaei</strong></span> <span class='ocrx_word' id='word_1_239' title='bbox 827 2999 950 3042; x_wconf 86' lang='lat' dir='ltr'><strong>vorsum</strong></span> <span class='ocrx_word' id='word_1_240' title='bbox 972 2977 1104 3043; x_wconf 88' lang='lat' dir='ltr'><strong>reddere</strong></span> <span class='ocrx_word' id='word_1_241' title='bbox 1127 2977 1305 3053; x_wconf 84' lang='lat' dir='ltr'><strong>rideantur,</strong></span> <span class='ocrx_word' id='word_1_242' title='bbox 1333 2977 1421 3041; x_wconf 88' lang='lat' dir='ltr'><strong>ouius</strong></span> <span class='ocrx_word' id='word_1_243' title='bbox 1443 2997 1517 3058; x_wconf 87' lang='lat' dir='ltr'><strong>pars</strong></span> <span class='ocrx_word' id='word_1_244' title='bbox 1544 2975 1577 3038; x_wconf 90' lang='lat' dir='ltr'><strong>in</strong></span> <span class='ocrx_word' id='word_1_245' title='bbox 1604 2974 1699 3040; x_wconf 90' lang='lat' dir='ltr'><strong>schol.</strong></span> <span class='ocrx_word' id='word_1_246' title='bbox 1725 2975 1811 3038; x_wconf 91' lang='lat' dir='ltr'><strong>Arat.</strong></span> <span class='ocrx_word' id='word_1_247' title='bbox 1839 2975 1877 3039; x_wconf 87' lang='lat' dir='ltr'><strong>ad</strong></span> <span class='ocrx_word' id='word_1_248' title='bbox 1941 3055 1942 3060; x_wconf 8' lang='grc' dir='ltr'>ἵ</span> 
     </span>
     <span class='ocr_line' id='line_1_24' title="bbox 343 3075 1879 3170; baseline -0.002 -21"><span class='ocrx_word' id='word_1_249' title='bbox 343 3107 369 3149; x_wconf 88' lang='lat' dir='ltr'><strong>v.</strong></span> <span class='ocrx_word' id='word_1_250' title='bbox 400 3085 462 3151; x_wconf 80' lang='grc'><strong>156</strong></span> <span class='ocrx_word' id='word_1_251' title='bbox 491 3109 520 3168; x_wconf 91' lang='lat' dir='ltr'><strong>p.</strong></span> <span class='ocrx_word' id='word_1_252' title='bbox 547 3085 603 3160; x_wconf 86' lang='grc'><strong>66,</strong></span> <span class='ocrx_word' id='word_1_253' title='bbox 633 3085 648 3148; x_wconf 93' lang='grc'>1</span> <span class='ocrx_word' id='word_1_254' title='bbox 679 3090 803 3149; x_wconf 85' lang='lat' dir='ltr'><strong>servata</strong></span> <span class='ocrx_word' id='word_1_255' title='bbox 833 3091 882 3149; x_wconf 87' lang='lat' dir='ltr'><strong>est</strong></span> <span class='ocrx_word' id='word_1_256' title='bbox 915 3084 1058 3168; x_wconf 71' lang='grc' dir='ltr'><strong><em>αἰγίοχος</em></strong></span> <span class='ocrx_word' id='word_1_257' title='bbox 1086 3079 1298 3170; x_wconf 82' lang='grc' dir='ltr'><strong><em>κικλήσκεται</em></strong></span> <span class='ocrx_word' id='word_1_258' title='bbox 1326 3075 1570 3166; x_wconf 76' lang='grc' dir='ltr'><strong><em>ἀνθρώποισιν.</em></strong></span> <span class='ocrx_word' id='word_1_259' title='bbox 1616 3081 1761 3146; x_wconf 83' lang='lat' dir='ltr'><strong>simihter</strong></span> <span class='ocrx_word' id='word_1_260' title='bbox 1797 3105 1879 3164; x_wconf 85' lang='lat' dir='ltr'><strong>quae</strong></span> 
     </span>
     <span class='ocr_line' id='line_1_25' title="bbox 342 3187 1881 3276; baseline -0.004 -18"><span class='ocrx_word' id='word_1_261' title='bbox 342 3193 382 3258; x_wconf 79' lang='lat' dir='ltr'><strong>al</strong></span> <span class='ocrx_word' id='word_1_262' title='bbox 411 3195 445 3257; x_wconf 90' lang='grc' dir='ltr'><em>Σ</em></span> <span class='ocrx_word' id='word_1_263' title='bbox 468 3193 533 3256; x_wconf 83' lang='grc'><strong>486</strong></span> <span class='ocrx_word' id='word_1_264' title='bbox 562 3193 606 3276; x_wconf 88' lang='lat' dir='ltr'><strong>(p.</strong></span> <span class='ocrx_word' id='word_1_265' title='bbox 628 3192 704 3268; x_wconf 87' lang='grc'>169,</span> <span class='ocrx_word' id='word_1_266' title='bbox 734 3192 917 3266; x_wconf 79' lang='grc'>10-170,</span> <span class='ocrx_word' id='word_1_267' title='bbox 947 3195 988 3256; x_wconf 84' lang='lat'><strong>10</strong></span> <span class='ocrx_word' id='word_1_268' title='bbox 1017 3191 1123 3276; x_wconf 85' lang='lat' dir='ltr'><strong>Dind.)</strong></span> <span class='ocrx_word' id='word_1_269' title='bbox 1156 3193 1196 3255; x_wconf 84' lang='lat' dir='ltr'><strong>de</strong></span> <span class='ocrx_word' id='word_1_270' title='bbox 1227 3190 1393 3274; x_wconf 77' lang='lat' dir='ltr'><strong>Hyarlibus</strong></span> <span class='ocrx_word' id='word_1_271' title='bbox 1425 3195 1457 3253; x_wconf 87' lang='lat' dir='ltr'><strong>et</strong></span> <span class='ocrx_word' id='word_1_272' title='bbox 1489 3187 1652 3253; x_wconf 87' lang='lat' dir='ltr'><strong>Pliadibus</strong></span> <span class='ocrx_word' id='word_1_273' title='bbox 1683 3187 1881 3262; x_wconf 81' lang='lat' dir='ltr'><strong>adseruntur,</strong></span> 
     </span>
     <span class='ocr_line' id='line_1_26' title="bbox 342 3295 1880 3379; baseline -0.003 -15"><span class='ocrx_word' id='word_1_274' title='bbox 342 3321 412 3364; x_wconf 90' lang='lat' dir='ltr'><strong>cum</strong></span> <span class='ocrx_word' id='word_1_275' title='bbox 435 3298 543 3364; x_wconf 89' lang='lat' dir='ltr'><strong>eadem</strong></span> <span class='ocrx_word' id='word_1_276' title='bbox 568 3300 616 3364; x_wconf 88' lang='lat' dir='ltr'><strong>vel</strong></span> <span class='ocrx_word' id='word_1_277' title='bbox 639 3319 677 3362; x_wconf 85' lang='lat' dir='ltr'><strong>ex</strong></span> <span class='ocrx_word' id='word_1_278' title='bbox 700 3298 811 3364; x_wconf 85' lang='lat' dir='ltr'><strong>iisdem</strong></span> <span class='ocrx_word' id='word_1_279' title='bbox 835 3298 1016 3363; x_wconf 89' lang='lat' dir='ltr'><strong>auctoribus</strong></span> <span class='ocrx_word' id='word_1_280' title='bbox 1039 3299 1166 3362; x_wconf 88' lang='lat' dir='ltr'><strong>Musaeo</strong></span> <span class='ocrx_word' id='word_1_281' title='bbox 1194 3299 1355 3373; x_wconf 89' lang='lat' dir='ltr'><strong>nimirum,</strong></span> <span class='ocrx_word' id='word_1_282' title='bbox 1383 3296 1495 3372; x_wconf 85' lang='lat' dir='ltr'><strong>Arato,</strong></span> <span class='ocrx_word' id='word_1_283' title='bbox 1522 3295 1702 3379; x_wconf 87' lang='lat' dir='ltr'><strong>Pherecyde</strong></span> <span class='ocrx_word' id='word_1_284' title='bbox 1730 3297 1761 3358; x_wconf 88' lang='lat' dir='ltr'><strong>in</strong></span> <span class='ocrx_word' id='word_1_285' title='bbox 1785 3296 1880 3360; x_wconf 83' lang='lat' dir='ltr'><strong>Cata-</strong></span> 
     </span>
     <span class='ocr_line' id='line_1_27' title="bbox 343 3401 1880 3486; baseline -0.002 -15"><span class='ocrx_word' id='word_1_286' title='bbox 343 3407 494 3472; x_wconf 81' lang='lat' dir='ltr'><strong>sterismir</strong></span> <span class='ocrx_word' id='word_1_287' title='bbox 517 3411 646 3470; x_wconf 88' lang='lat' dir='ltr'><strong>narrata</strong></span> <span class='ocrx_word' id='word_1_288' title='bbox 668 3405 765 3470; x_wconf 87' lang='lat' dir='ltr'><strong>fuisse</strong></span> <span class='ocrx_word' id='word_1_289' title='bbox 787 3405 1040 3480; x_wconf 75' lang='lat' dir='ltr'><strong>intellexerimus</strong></span> <span class='ocrx_word' id='word_1_290' title='bbox 1062 3403 1103 3469; x_wconf 87' lang='lat' dir='ltr'><strong>ad</strong></span> <span class='ocrx_word' id='word_1_291' title='bbox 1128 3404 1295 3486; x_wconf 86' lang='lat' dir='ltr'><strong>Catalogos</strong></span> <span class='ocrx_word' id='word_1_292' title='bbox 1318 3401 1484 3468; x_wconf 85' lang='lat' dir='ltr'><strong>referenda</strong></span> <span class='ocrx_word' id='word_1_293' title='bbox 1506 3423 1573 3467; x_wconf 88' lang='lat' dir='ltr'><strong>esse</strong></span> <span class='ocrx_word' id='word_1_294' title='bbox 1596 3402 1752 3467; x_wconf 84' lang='lat' dir='ltr'><strong>videntur.</strong></span> <span class='ocrx_word' id='word_1_295' title='bbox 1788 3425 1880 3486; x_wconf 86' lang='lat' dir='ltr'><strong>prae·</strong></span> 
     </span>
     <span class='ocr_line' id='line_1_28' title="bbox 343 3510 1880 3594; baseline -0.002 -17"><span class='ocrx_word' id='word_1_296' title='bbox 343 3512 457 3577; x_wconf 88' lang='lat' dir='ltr'><strong>cedunt</strong></span> <span class='ocrx_word' id='word_1_297' title='bbox 484 3513 516 3575; x_wconf 92' lang='lat' dir='ltr'><strong>in</strong></span> <span class='ocrx_word' id='word_1_298' title='bbox 545 3513 654 3577; x_wconf 89' lang='lat' dir='ltr'><strong>eodem</strong></span> <span class='ocrx_word' id='word_1_299' title='bbox 682 3513 799 3577; x_wconf 92' lang='lat' dir='ltr'><strong>scholio</strong></span> <span class='ocrx_word' id='word_1_300' title='bbox 827 3513 908 3576; x_wconf 88' lang='lat' dir='ltr'><strong>duae</strong></span> <span class='ocrx_word' id='word_1_301' title='bbox 935 3511 1131 3588; x_wconf 87' lang='lat' dir='ltr'><strong>historiolae,</strong></span> <span class='ocrx_word' id='word_1_302' title='bbox 1163 3531 1297 3594; x_wconf 90' lang='lat' dir='ltr'><strong>quarum</strong></span> <span class='ocrx_word' id='word_1_303' title='bbox 1329 3532 1423 3576; x_wconf 88' lang='lat' dir='ltr'><strong>unam</strong></span> <span class='ocrx_word' id='word_1_304' title='bbox 1451 3529 1533 3592; x_wconf 89' lang='lat' dir='ltr'><strong>quae</strong></span> <span class='ocrx_word' id='word_1_305' title='bbox 1560 3514 1609 3574; x_wconf 90' lang='lat' dir='ltr'><strong>est</strong></span> <span class='ocrx_word' id='word_1_306' title='bbox 1636 3510 1676 3573; x_wconf 90' lang='lat' dir='ltr'><strong>de</strong></span> <span class='ocrx_word' id='word_1_307' title='bbox 1704 3510 1820 3574; x_wconf 85' lang='lat' dir='ltr'><strong>Orione</strong></span> <span class='ocrx_word' id='word_1_308' title='bbox 1850 3517 1880 3574; x_wconf 82' lang='lat' dir='ltr'><strong>et</strong></span> 
     </span>
     <span class='ocr_line' id='line_1_29' title="bbox 342 3616 1879 3702; baseline -0.001 -20"><span class='ocrx_word' id='word_1_309' title='bbox 342 3618 505 3683; x_wconf 89' lang='lat' dir='ltr'><strong>Pliadibus</strong></span> <span class='ocrx_word' id='word_1_310' title='bbox 529 3619 560 3684; x_wconf 90' lang='lat' dir='ltr'><strong>in</strong></span> <span class='ocrx_word' id='word_1_311' title='bbox 585 3619 816 3685; x_wconf 86' lang='lat' dir='ltr'><strong>Catasterismis</strong></span> <span class='ocrx_word' id='word_1_312' title='bbox 839 3620 981 3684; x_wconf 83' lang='lat' dir='ltr'><strong>extitisse</strong></span> <span class='ocrx_word' id='word_1_313' title='bbox 1004 3623 1135 3695; x_wconf 84' lang='lat' dir='ltr'><strong>constat,</strong></span> <span class='ocrx_word' id='word_1_314' title='bbox 1159 3617 1260 3682; x_wconf 88' lang='lat' dir='ltr'><strong>altera</strong></span> <span class='ocrx_word' id='word_1_315' title='bbox 1283 3621 1325 3701; x_wconf 87' lang='lat' dir='ltr'><strong>(p.</strong></span> <span class='ocrx_word' id='word_1_316' title='bbox 1348 3617 1420 3694; x_wconf 89' lang='grc'>169,</span> <span class='ocrx_word' id='word_1_317' title='bbox 1444 3616 1567 3702; x_wconf 83' lang='grc'>7-10)</span> <span class='ocrx_word' id='word_1_318' title='bbox 1590 3616 1700 3680; x_wconf 80' lang='lat' dir='ltr'><strong>carlom</strong></span> <span class='ocrx_word' id='word_1_319' title='bbox 1718 3623 1775 3692; x_wconf 88' lang='lat' dir='ltr'><strong>est,</strong></span> <span class='ocrx_word' id='word_1_320' title='bbox 1798 3639 1879 3700; x_wconf 67' lang='lat' dir='ltr'><strong>(puae</strong></span> 
     </span>
     <span class='ocr_line' id='line_1_30' title="bbox 343 3723 1880 3811; baseline -0.003 -20"><span class='ocrx_word' id='word_1_321' title='bbox 343 3726 449 3810; x_wconf 88' lang='lat' dir='ltr'><strong>paullo</strong></span> <span class='ocrx_word' id='word_1_322' title='bbox 477 3733 548 3810; x_wconf 90' lang='lat' dir='ltr'><strong>post</strong></span> <span class='ocrx_word' id='word_1_323' title='bbox 576 3747 614 3790; x_wconf 85' lang='lat' dir='ltr'><strong>ex</strong></span> <span class='ocrx_word' id='word_1_324' title='bbox 638 3725 736 3790; x_wconf 89' lang='lat' dir='ltr'><strong>Arato</strong></span> <span class='ocrx_word' id='word_1_325' title='bbox 763 3732 911 3792; x_wconf 88' lang='lat' dir='ltr'><strong>narratur</strong></span> <span class='ocrx_word' id='word_1_326' title='bbox 934 3726 977 3811; x_wconf 92' lang='lat' dir='ltr'><strong>(p.</strong></span> <span class='ocrx_word' id='word_1_327' title='bbox 1006 3726 1077 3792; x_wconf 82' lang='lat'><strong>170.</strong></span> <span class='ocrx_word' id='word_1_328' title='bbox 1103 3727 1223 3807; x_wconf 80' lang='lat'><strong>1-4);</strong></span> <span class='ocrx_word' id='word_1_329' title='bbox 1251 3727 1307 3790; x_wconf 87' lang='lat' dir='ltr'><strong>sed</strong></span> <span class='ocrx_word' id='word_1_330' title='bbox 1334 3723 1408 3788; x_wconf 89' lang='lat' dir='ltr'><strong>huic</strong></span> <span class='ocrx_word' id='word_1_331' title='bbox 1434 3723 1527 3789; x_wconf 89' lang='lat' dir='ltr'><strong>alteri</strong></span> <span class='ocrx_word' id='word_1_332' title='bbox 1554 3723 1666 3788; x_wconf 72' lang='lat' dir='ltr'><strong>arldita</strong></span> <span class='ocrx_word' id='word_1_333' title='bbox 1688 3728 1761 3788; x_wconf 84' lang='lat' dir='ltr'><strong>sunt</strong></span> <span class='ocrx_word' id='word_1_334' title='bbox 1784 3724 1880 3789; x_wconf 87' lang='lat' dir='ltr'><strong>rerba</strong></span> 
     </span>
     <span class='ocr_line' id='line_1_31' title="bbox 342 3809 1943 3974; baseline -0.001 -78"><span class='ocrx_word' id='word_1_335' title='bbox 342 3827 363 3919; x_wconf 81' lang='grc' dir='ltr'><em>ἡ</em></span> <span class='ocrx_word' id='word_1_336' title='bbox 383 3829 511 3916; x_wconf 74' lang='grc' dir='ltr'><strong><em>ἱστορία</em></strong></span> <span class='ocrx_word' id='word_1_337' title='bbox 529 3823 621 3916; x_wconf 79' lang='grc' dir='ltr'><strong><em>παρὰ</em></strong></span> <span class='ocrx_word' id='word_1_338' title='bbox 640 3845 710 3909; x_wconf 82' lang='grc' dir='ltr'><strong><em>τοῖς</em></strong></span> <span class='ocrx_word' id='word_1_339' title='bbox 729 3837 909 3910; x_wconf 77' lang='grc' dir='ltr'><strong><em>κακλικοῑς,</em></strong></span> <span class='ocrx_word' id='word_1_340' title='bbox 928 3855 1007 3916; x_wconf 89' lang='lat' dir='ltr'><strong>quae</strong></span> <span class='ocrx_word' id='word_1_341' title='bbox 1027 3839 1131 3896; x_wconf 88' lang='lat' dir='ltr'><strong>tamon</strong></span> <span class='ocrx_word' id='word_1_342' title='bbox 1151 3833 1191 3897; x_wconf 90' lang='lat' dir='ltr'><strong>ad</strong></span> <span class='ocrx_word' id='word_1_343' title='bbox 1210 3833 1346 3915; x_wconf 84' lang='lat' dir='ltr'><strong>priorem</strong></span> <span class='ocrx_word' id='word_1_344' title='bbox 1366 3809 1497 3913; x_wconf 27' lang='lat' dir='ltr'><strong>quoque·</strong></span> <span class='ocrx_word' id='word_1_345' title='bbox 1508 3829 1627 3896; x_wconf 86' lang='lat' dir='ltr'><strong>referre</strong></span> <span class='ocrx_word' id='word_1_346' title='bbox 1645 3830 1755 3906; x_wconf 85' lang='lat' dir='ltr'><strong>nolim3</strong></span> <span class='ocrx_word' id='word_1_347' title='bbox 1774 3835 1879 3894; x_wconf 87' lang='lat' dir='ltr'><strong>statuo</strong></span> <span class='ocrx_word' id='word_1_348' title='bbox 1939 3868 1943 3974; x_wconf 66' lang='grc' dir='ltr'><strong><em>ρ</em></strong></span> 
     </span>
     <span class='ocr_line' id='line_1_32' title="bbox 342 3938 1943 4024; baseline -0.001 -20"><span class='ocrx_word' id='word_1_349' title='bbox 342 3940 447 4024; x_wconf 89' lang='lat' dir='ltr'><strong>potius</strong></span> <span class='ocrx_word' id='word_1_350' title='bbox 478 3941 615 4024; x_wconf 89' lang='lat' dir='ltr'><strong>priorem</strong></span> <span class='ocrx_word' id='word_1_351' title='bbox 645 3963 683 4004; x_wconf 86' lang='lat' dir='ltr'><strong>ox</strong></span> <span class='ocrx_word' id='word_1_352' title='bbox 712 3940 885 4023; x_wconf 81' lang='lat' dir='ltr'><strong>Catalogis‚</strong></span> <span class='ocrx_word' id='word_1_353' title='bbox 915 3939 1121 4022; x_wconf 89' lang='lat' dir='ltr'><strong>posteriorem</strong></span> <span class='ocrx_word' id='word_1_354' title='bbox 1149 3961 1187 4002; x_wconf 81' lang='lat' dir='ltr'><strong>ox</strong></span> <span class='ocrx_word' id='word_1_355' title='bbox 1214 3938 1337 4022; x_wconf 82' lang='lat' dir='ltr'><strong>cyclicis</strong></span> <span class='ocrx_word' id='word_1_356' title='bbox 1365 3939 1537 4021; x_wconf 84' lang='lat' dir='ltr'><strong>prolectam</strong></span> <span class='ocrx_word' id='word_1_357' title='bbox 1564 3957 1631 4002; x_wconf 89' lang='lat' dir='ltr'><strong>esse</strong></span> <span class='ocrx_word' id='word_1_358' title='bbox 1658 3938 1878 4002; x_wconf 85' lang='lat' dir='ltr'><strong>narrationem.</strong></span> <span class='ocrx_word' id='word_1_359' title='bbox 1942 3977 1943 4016; x_wconf 52' lang='lat' dir='ltr'>ff</span> 
     </span>
     <span class='ocr_line' id='line_1_33' title="bbox 343 4043 1877 4132; baseline -0.003 -20"><span class='ocrx_word' id='word_1_360' title='bbox 343 4053 453 4112; x_wconf 88' lang='lat' dir='ltr'><strong>contra</strong></span> <span class='ocrx_word' id='word_1_361' title='bbox 475 4067 555 4132; x_wconf 88' lang='lat' dir='ltr'><strong>quae</strong></span> <span class='ocrx_word' id='word_1_362' title='bbox 579 4047 619 4112; x_wconf 89' lang='lat' dir='ltr'><strong>ad</strong></span> <span class='ocrx_word' id='word_1_363' title='bbox 643 4048 775 4112; x_wconf 83' lang='lat' dir='ltr'><strong>eundern</strong></span> <span class='ocrx_word' id='word_1_364' title='bbox 799 4047 927 4111; x_wconf 90' lang='lat' dir='ltr'><strong>Homeri</strong></span> <span class='ocrx_word' id='word_1_365' title='bbox 951 4067 1073 4110; x_wconf 87' lang='lat' dir='ltr'><strong>versum</strong></span> <span class='ocrx_word' id='word_1_366' title='bbox 1096 4046 1202 4128; x_wconf 90' lang='lat' dir='ltr'><strong>paullo</strong></span> <span class='ocrx_word' id='word_1_367' title='bbox 1225 4052 1297 4128; x_wconf 87' lang='lat' dir='ltr'><strong>post</strong></span> <span class='ocrx_word' id='word_1_368' title='bbox 1319 4068 1348 4128; x_wconf 90' lang='lat' dir='ltr'><strong>p.</strong></span> <span class='ocrx_word' id='word_1_369' title='bbox 1374 4045 1446 4121; x_wconf 81' lang='lat'><strong>171,</strong></span> <span class='ocrx_word' id='word_1_370' title='bbox 1469 4043 1579 4107; x_wconf 78' lang='lat'>5-20</span> <span class='ocrx_word' id='word_1_371' title='bbox 1602 4044 1642 4107; x_wconf 90' lang='lat' dir='ltr'><strong>de</strong></span> <span class='ocrx_word' id='word_1_372' title='bbox 1664 4043 1782 4108; x_wconf 90' lang='lat' dir='ltr'><strong>Orione</strong></span> <span class='ocrx_word' id='word_1_373' title='bbox 1805 4065 1877 4127; x_wconf 93' lang='lat' dir='ltr'><strong>pro-</strong></span> 
     </span>
     <span class='ocr_line' id='line_1_34' title="bbox 343 4150 1945 4281; baseline -0.002 -63"><span class='ocrx_word' id='word_1_374' title='bbox 343 4153 444 4218; x_wconf 86' lang='lat' dir='ltr'><strong>fertur</strong></span> <span class='ocrx_word' id='word_1_375' title='bbox 472 4153 592 4229; x_wconf 86' lang='lat' dir='ltr'><strong>fabula,</strong></span> <span class='ocrx_word' id='word_1_376' title='bbox 620 4175 690 4217; x_wconf 89' lang='lat' dir='ltr'><strong>eam</strong></span> <span class='ocrx_word' id='word_1_377' title='bbox 717 4153 757 4216; x_wconf 85' lang='lat' dir='ltr'><strong>ad</strong></span> <span class='ocrx_word' id='word_1_378' title='bbox 782 4153 949 4236; x_wconf 86' lang='lat' dir='ltr'><strong>Catalogcs</strong></span> <span class='ocrx_word' id='word_1_379' title='bbox 972 4152 1090 4217; x_wconf 85' lang='lat' dir='ltr'><strong>referre</strong></span> <span class='ocrx_word' id='word_1_380' title='bbox 1114 4175 1176 4216; x_wconf 90' lang='lat' dir='ltr'><strong>nou</strong></span> <span class='ocrx_word' id='word_1_381' title='bbox 1199 4154 1307 4216; x_wconf 78' lang='lat' dir='ltr'><strong>arisim.</strong></span> <span class='ocrx_word' id='word_1_382' title='bbox 1353 4173 1433 4234; x_wconf 90' lang='lat' dir='ltr'><strong>quae</strong></span> <span class='ocrx_word' id='word_1_383' title='bbox 1456 4171 1645 4234; x_wconf 88' lang='lat' dir='ltr'><strong>quamquam</strong></span> <span class='ocrx_word' id='word_1_384' title='bbox 1668 4150 1877 4216; x_wconf 83' lang='lat' dir='ltr'><strong>Aristomachi</strong></span> <span class='ocrx_word' id='word_1_385' title='bbox 1941 4164 1945 4281; x_wconf 71' lang='grc' dir='ltr'><strong><em>ρ</em></strong></span> 
     </span>
     <span class='ocr_line' id='line_1_35' title="bbox 342 4256 1877 4344; baseline -0.003 -19"><span class='ocrx_word' id='word_1_386' title='bbox 342 4262 514 4326; x_wconf 89' lang='lat' dir='ltr'><strong>narrationi</strong></span> <span class='ocrx_word' id='word_1_387' title='bbox 552 4281 646 4344; x_wconf 83' lang='lat' dir='ltr'><strong>qnam</strong></span> <span class='ocrx_word' id='word_1_388' title='bbox 682 4259 765 4324; x_wconf 87' lang='lat' dir='ltr'><strong>iuter</strong></span> <span class='ocrx_word' id='word_1_389' title='bbox 802 4259 1094 4325; x_wconf 82' lang='lat' dir='ltr'><strong>Catasterismornm</strong></span> <span class='ocrx_word' id='word_1_390' title='bbox 1131 4257 1310 4342; x_wconf 85' lang='lat' dir='ltr'><strong>fragmenta</strong></span> <span class='ocrx_word' id='word_1_391' title='bbox 1340 4257 1461 4322; x_wconf 87' lang='lat' dir='ltr'>XXXII</span> <span class='ocrx_word' id='word_1_392' title='bbox 1493 4257 1597 4340; x_wconf 88' lang='lat' dir='ltr'><strong>recepi</strong></span> <span class='ocrx_word' id='word_1_393' title='bbox 1634 4258 1667 4321; x_wconf 91' lang='lat' dir='ltr'><strong>in</strong></span> <span class='ocrx_word' id='word_1_394' title='bbox 1699 4256 1877 4322; x_wconf 88' lang='lat' dir='ltr'><strong>universum</strong></span> 
     </span>
     <span class='ocr_line' id='line_1_36' title="bbox 343 4363 1876 4450; baseline -0.003 -19"><span class='ocrx_word' id='word_1_395' title='bbox 343 4367 502 4431; x_wconf 89' lang='lat' dir='ltr'><strong>simillima</strong></span> <span class='ocrx_word' id='word_1_396' title='bbox 525 4373 582 4442; x_wconf 89' lang='lat' dir='ltr'><strong>est,</strong></span> <span class='ocrx_word' id='word_1_397' title='bbox 605 4372 710 4430; x_wconf 87' lang='lat' dir='ltr'><strong>tamen</strong></span> <span class='ocrx_word' id='word_1_398' title='bbox 734 4387 771 4430; x_wconf 93' lang='lat' dir='ltr'><strong>eo</strong></span> <span class='ocrx_word' id='word_1_399' title='bbox 794 4365 909 4442; x_wconf 87' lang='lat' dir='ltr'><strong>differt,</strong></span> <span class='ocrx_word' id='word_1_400' title='bbox 932 4367 1016 4450; x_wconf 84' lang='lat' dir='ltr'><strong>quod</strong></span> <span class='ocrx_word' id='word_1_401' title='bbox 1040 4387 1089 4430; x_wconf 91' lang='lat' dir='ltr'><strong>res</strong></span> <span class='ocrx_word' id='word_1_402' title='bbox 1112 4366 1179 4430; x_wconf 88' lang='lat' dir='ltr'><strong>illic</strong></span> <span class='ocrx_word' id='word_1_403' title='bbox 1200 4364 1331 4442; x_wconf 86' lang='lat' dir='ltr'><strong>Thebis,</strong></span> <span class='ocrx_word' id='word_1_404' title='bbox 1354 4366 1406 4429; x_wconf 86' lang='lat' dir='ltr'><strong>bic</strong></span> <span class='ocrx_word' id='word_1_405' title='bbox 1428 4363 1591 4447; x_wconf 83' lang='lat' dir='ltr'><strong>Tanagrae</strong></span> <span class='ocrx_word' id='word_1_406' title='bbox 1614 4365 1824 4447; x_wconf 65' lang='lat' dir='ltr'><strong>agitantum</strong></span> <span class='ocrx_word' id='word_1_407' title='bbox 1847 4364 1876 4427; x_wconf 92' lang='lat' dir='ltr'><strong>iu</strong></span> 
     </span>
     <span class='ocr_line' id='line_1_37' title="bbox 343 4469 1876 4562; baseline -0.003 -24"><span class='ocrx_word' id='word_1_408' title='bbox 343 4473 469 4538; x_wconf 85' lang='lat' dir='ltr'><strong>scholiis</strong></span> <span class='ocrx_word' id='word_1_409' title='bbox 501 4473 605 4538; x_wconf 87' lang='lat' dir='ltr'><strong>Iliacis</strong></span> <span class='ocrx_word' id='word_1_410' title='bbox 637 4472 849 4555; x_wconf 86' lang='lat' dir='ltr'><strong>Euphorionis</strong></span> <span class='ocrx_word' id='word_1_411' title='bbox 880 4495 994 4538; x_wconf 88' lang='lat' dir='ltr'><strong>nornen</strong></span> <span class='ocrx_word' id='word_1_412' title='bbox 1026 4473 1219 4562; x_wconf 81' lang='lat' dir='ltr'><strong>adscriptum</strong></span> <span class='ocrx_word' id='word_1_413' title='bbox 1251 4479 1300 4536; x_wconf 90' lang='lat' dir='ltr'><strong>est</strong></span> <span class='ocrx_word' id='word_1_414' title='bbox 1331 4471 1382 4557; x_wconf 88' lang='lat' dir='ltr'><strong>(of.</strong></span> <span class='ocrx_word' id='word_1_415' title='bbox 1415 4470 1560 4535; x_wconf 87' lang='lat' dir='ltr'><strong>Meinehe</strong></span> <span class='ocrx_word' id='word_1_416' title='bbox 1591 4470 1680 4534; x_wconf 88' lang='lat' dir='ltr'><strong>Anal.</strong></span> <span class='ocrx_word' id='word_1_417' title='bbox 1709 4469 1876 4534; x_wconf 83' lang='lat' dir='ltr'><strong>Alexandr.</strong></span> 
     </span>
     <span class='ocr_line' id='line_1_38' title="bbox 343 4576 1874 4666; baseline -0.003 -22"><span class='ocrx_word' id='word_1_418' title='bbox 343 4602 372 4663; x_wconf 88' lang='lat' dir='ltr'><strong>p.</strong></span> <span class='ocrx_word' id='word_1_419' title='bbox 401 4581 488 4666; x_wconf 88' lang='lat'><strong>133),</strong></span> <span class='ocrx_word' id='word_1_420' title='bbox 515 4581 650 4664; x_wconf 88' lang='lat' dir='ltr'><strong>denique</strong></span> <span class='ocrx_word' id='word_1_421' title='bbox 674 4581 782 4645; x_wconf 85' lang='lat' dir='ltr'><strong>fabula</strong></span> <span class='ocrx_word' id='word_1_422' title='bbox 803 4581 897 4646; x_wconf 91' lang='lat' dir='ltr'><strong>simili</strong></span> <span class='ocrx_word' id='word_1_423' title='bbox 924 4579 1018 4646; x_wconf 89' lang='lat' dir='ltr'><strong>modo</strong></span> <span class='ocrx_word' id='word_1_424' title='bbox 1045 4601 1064 4644; x_wconf 88' lang='lat' dir='ltr'><strong>a</strong></span> <span class='ocrx_word' id='word_1_425' title='bbox 1090 4580 1198 4644; x_wconf 89' lang='lat' dir='ltr'><strong>multis</strong></span> <span class='ocrx_word' id='word_1_426' title='bbox 1225 4585 1355 4644; x_wconf 88' lang='lat' dir='ltr'><strong>narrata</strong></span> <span class='ocrx_word' id='word_1_427' title='bbox 1382 4583 1463 4655; x_wconf 68' lang='grc' dir='ltr'><strong><em>σταῖς</em></strong></span> <span class='ocrx_word' id='word_1_428' title='bbox 1491 4577 1553 4642; x_wconf 91' lang='lat' dir='ltr'><strong>iam</strong></span> <span class='ocrx_word' id='word_1_429' title='bbox 1581 4577 1736 4642; x_wconf 86' lang='lat' dir='ltr'><strong>Pindarus</strong></span> <span class='ocrx_word' id='word_1_430' title='bbox 1759 4577 1812 4662; x_wconf 91' lang='lat' dir='ltr'><strong>(s.</strong></span> <span class='ocrx_word' id='word_1_431' title='bbox 1836 4576 1874 4641; x_wconf 81' lang='lat'><strong>51</strong></span> 
     </span>
    </p>
   </div>
   <div class='ocr_carea' id='block_1_5' title="bbox 343 4811 1874 5044">
    <p class='ocr_par' dir='ltr' id='par_1_5' title="bbox 343 4811 1874 5044">
     <span class='ocr_line' id='line_1_39' title="bbox 432 4811 734 4866; baseline -0.003 -1"><span class='ocrx_word' id='word_1_432' title='bbox 432 4811 455 4842; x_wconf 75' lang='lat'><strong>⁶²</strong></span> <span class='ocrx_word' id='word_1_433' title='bbox 485 4811 524 4865; x_wconf 87' lang='lat' dir='ltr'><strong>Cl.</strong></span> <span class='ocrx_word' id='word_1_434' title='bbox 545 4827 576 4864; x_wconf 90' lang='lat' dir='ltr'><strong>su</strong></span> <span class='ocrx_word' id='word_1_435' title='bbox 597 4827 628 4866; x_wconf 86' lang='lat' dir='ltr'><strong>ra</strong></span> <span class='ocrx_word' id='word_1_436' title='bbox 667 4813 734 4864; x_wconf 73' lang='lat'><strong>.22.</strong></span> 
     </span>
     <span class='ocr_line' id='line_1_40' title="bbox 432 4816 1874 4969; baseline -0.003 -17"><span class='ocrx_word' id='word_1_437' title='bbox 432 4816 815 4969; x_wconf 53' lang='grc' dir='ltr'><strong>61’λ1στορελἘριλατοσθένης</strong></span> <span class='ocrx_word' id='word_1_438' title='bbox 839 4895 870 4952; x_wconf 78' lang='grc' dir='ltr'><strong>ἐν</strong></span> <span class='ocrx_word' id='word_1_439' title='bbox 893 4905 951 4961; x_wconf 89' lang='grc' dir='ltr'><strong><em>τοῖς</em></strong></span> <span class='ocrx_word' id='word_1_440' title='bbox 970 4893 1073 4952; x_wconf 76' lang='grc' dir='ltr'><strong><em>ἑαυτοῦ</em></strong></span> <span class='ocrx_word' id='word_1_441' title='bbox 1092 4893 1262 4967; x_wconf 83' lang='grc' dir='ltr'><strong><em>καταλόγσις</em></strong></span> <span class='ocrx_word' id='word_1_442' title='bbox 1280 4899 1349 4952; x_wconf 89' lang='lat' dir='ltr'><strong>Ven.</strong></span> <span class='ocrx_word' id='word_1_443' title='bbox 1369 4899 1399 4950; x_wconf 91' lang='lat' dir='ltr'><strong>B.</strong></span> <span class='ocrx_word' id='word_1_444' title='bbox 1420 4917 1435 4965; x_wconf 87' lang='grc' dir='ltr'><em>η</em></span> <span class='ocrx_word' id='word_1_445' title='bbox 1455 4894 1566 4966; x_wconf 78' lang='grc' dir='ltr'><strong><em>λστορλα</em></strong></span> <span class='ocrx_word' id='word_1_446' title='bbox 1585 4893 1662 4965; x_wconf 81' lang='grc' dir='ltr'><strong><em>παρὰ</em></strong></span> <span class='ocrx_word' id='word_1_447' title='bbox 1680 4893 1874 4966; x_wconf 71' lang='lat' dir='ltr'><strong>&#39;Eperos-‘leva</strong></span> 
     </span>
     <span class='ocr_line' id='line_1_41' title="bbox 343 4990 465 5044; baseline 0 -2"><span class='ocrx_word' id='word_1_448' title='bbox 343 4991 412 5044; x_wconf 83' lang='lat' dir='ltr'><strong>Vra.</strong></span> <span class='ocrx_word' id='word_1_449' title='bbox 432 4990 465 5043; x_wconf 84' lang='lat' dir='ltr'><strong>A.</strong></span> 
     </span>
    </p>
   </div>
   <div class='ocr_carea' id='block_1_6' title="bbox 0 0 1958 5796">
    <p class='ocr_par' dir='ltr' id='par_1_6' title="bbox 0 0 1958 5796">
     <span class='ocr_line' id='line_1_42' title="bbox 0 0 1958 5796; baseline 0 0"><span class='ocrx_word' id='word_1_450' title='bbox 0 0 1958 5796; x_wconf 95' lang='lat' dir='ltr'><strong> </strong></span> 
     </span>
    </p>
   </div>
  </div>
 </body>
</html>
