3908 5802
327 449 371 516 30

326 629 494 695 admissum
519 651 677 696 essecum
702 630 732 695 in
756 629 901 713 Epitomc
924 635 992 695 tum
1014 629 1098 712 apud
1122 651 1228 695 omues
1251 629 1315 694 fere
1341 637 1437 694 testes
1464 629 1609 712 legimns;
1637 630 1692 694 sed
1719 628 1850 693 lacteum
1936 679 1937 688 .

326 737 476 804 circulum
493 759 530 802 eo
548 741 652 802 ortum
671 759 737 803 esse
755 737 864 802 dieunt
882 737 965 821 quod
984 736 1062 802 Iuno
1082 737 1247 802 Herculem
1266 759 1286 801 a
1302 759 1336 802 so
1354 737 1519 802 reiecisset.
1551 757 1620 802 eam
1637 759 1710 802 vero
1729 735 1852 800 fabulae

326 845 469 919 formam,
497 867 591 927 quam
617 845 709 910 modo
737 865 774 909 ex
797 844 919 910 Achille
942 845 1033 908 Tatio
1060 845 1225 928 adscripsi,
1251 851 1376 929 praetor
1405 845 1492 910 illum
1518 867 1599 909 unus
1626 846 1761 910 servavit
1787 843 1851 925 Hy-

326 951 535 1034 ginus1143
562 975 591 1036 p.
616 953 670 1028 80,
701 952 842 1028 17-19;
870 953 977 1034 itaque
1004 973 1073 1016 eam
1099 973 1222 1036 quoque
1250 954 1281 1016 in
1311 951 1540 1018 Cat‘rsterismis
1567 951 1709 1017 extitisse
1736 951 1852 1015 diserti

327 1058 457 1124 Achillis
489 1059 667 1125 testimonio
699 1065 829 1126 constat.
883 1065 992 1124 contra
1028 1081 1108 1142 quae
1140 1060 1194 1124 ille
1226 1059 1265 1124 de
1296 1059 1452 1126 Mercurio
1479 1059 1698 1124 Eratosthenis
1729 1059 1853 1124 nomine

326 1167 440 1230 iterum
466 1167 658 1252 praescripto
680 1173 801 1243 narrat,
828 1187 866 1232 ea
888 1187 1076 1251 quamquam
1099 1172 1131 1232 et
1156 1167 1225 1250 ipsa
1251 1168 1336 1251 apud
1359 1167 1517 1251 Hyginum
1544 1172 1722 1242 recurrunt,
1749 1171 1852 1230 tamen

325 1273 506 1358 ambiguum
533 1295 599 1340 esse
630 1281 736 1338 utrum
761 1277 803 1339 ad
832 1273 1068 1339 Catasterismos
1100 1297 1141 1339 an
1168 1275 1209 1339 ad
1236 1274 1425 1340 Mercurium
1456 1276 1635 1359 pertineant
1666 1273 1729 1337 iam
1762 1292 1853 1353 supra

325 1383 440 1448 monui.
485 1380 626 1446 Philonis
654 1403 728 1446 sane
756 1381 935 1448 testimonio
963 1387 1086 1448 constat
1108 1381 1140 1446 in
1163 1382 1319 1447 Mercurio
1342 1381 1477 1448 lacteum
1499 1381 1648 1448 circulum
1670 1399 1853 1445 commemo-

325 1493 429 1553 ratum
460 1487 565 1554 fuisse.
611 1488 648 1554 cs.
671 1489 772 1554 Hiller
799 1489 1022 1554 Eratosthenis
1053 1489 1179 1554 carmin
1203 1489 1258 1554 rel.
1286 1489 1359 1554 XVI
1383 1513 1412 1574 p.
1435 1490 1477 1554 47
1502 1511 1524 1554 s,
1553 1495 1585 1554 et
1607 1489 1639 1552 Il
1662 1510 1690 1571 p.
1710 1487 1730 1550 6
1754 1508 1778 1550 s
1822 1489 1854 1548 at

324 1597 475 1662 concedes
503 1597 580 1662 satis
607 1597 720 1660 mirum
747 1619 814 1662 esse
839 1595 992 1662 Achillem
1014 1596 1139 1660 Tatium
1166 1598 1213 1662 ita
1236 1597 1528 1662 Catasterismorum
1551 1595 1762 1679 fragmentum
1785 1615 1853 1656 cum

324 1703 433 1770 fabula
459 1725 497 1768 ex
520 1703 675 1768 Mercurio
702 1705 803 1787 petita
830 1703 1039 1780 coniunxisse,
1066 1703 1251 1788 praesertim
1278 1725 1349 1768 cum
1375 1704 1464 1769 illum
1487 1702 1705 1768 Eratosthenis
1728 1722 1853 1766 carmen

324 1811 436 1893 legisse
458 1811 525 1876 veri
547 1811 802 1888 dissimillimum,
829 1817 939 1876 contra
964 1811 1043 1877 haec
1065 1815 1121 1876 aut
1143 1833 1181 1875 ex
1204 1811 1435 1876 Catasterismis
1458 1817 1514 1875 aut
1541 1831 1578 1874 ox
1601 1809 1752 1892 ampliore
1777 1807 1852 1890 Epi-

324 1922 408 1983 tome
430 1926 485 1983 aut
508 1918 642 2002 denique
665 1941 703 1983 ex
721 1918 924 2002 amplioribus
947 1917 1075 1984 scholiis
1093 1918 1218 1983 Arateis
1237 1919 1403 2001 sumpsisse
1422 1939 1516 2000 quam
1535 1917 1668 1982 maxime
1691 1915 1854 2000 probabile

324 2025 373 2089 sit.
423 2026 477 2089 sed
505 2047 574 2090 cum
603 2047 641 2090 no
669 2025 827 2092 codicibus
855 2026 981 2109 quidem
1008 2025 1125 2108 Hygini
1153 2047 1173 2089 a
1199 2025 1352 2090 Bursiano
1384 2027 1517 2091 conlatis
1544 2024 1637 2090 fidem
1670 2024 1855 2106 simpliciter

324 2131 478 2216 abrogare
501 2133 608 2210 ausim,
631 2155 706 2210 rem,
729 2139 765 2198 ut
788 2133 863 2210 dixi,
885 2134 917 2198 in
941 2134 1044 2197 medio
1067 2133 1217 2215 relinquo.

411 2239 498 2305 Haec
528 2239 625 2322 igitur
657 2244 730 2304 sunt
762 2239 1055 2305 Catasterismorum
1087 2239 1275 2322 [segmenta
1307 2260 1387 2323 quac
1414 2239 1542 2322 quidem
1569 2239 1673 2304 adhuc
1703 2239 1855 2319 indagare
1933 2213 1934 2216 Ἴ

323 2347 419 2430 potui.
465 2347 568 2429 operis
591 2351 696 2412 autem
719 2347 802 2412 iliius
825 2354 985 2412 auctorem
1008 2347 1040 2411 id
1064 2345 1124 2412 sibi
1147 2346 1345 2431 proposuisse
1368 2347 1513 2429 adparet,
1540 2353 1576 2410 ut
1599 2346 1689 2410 Arati
1713 2345 1854 2409 ordinem

324 2460 447 2520 secutus
475 2459 507 2519 et
534 2453 670 2537 singulas
698 2475 778 2536 quae
806 2453 846 2518 ad
870 2454 974 2520 sidera
996 2459 1174 2538 spectarent
1201 2453 1323 2518 fabulas
1346 2459 1508 2520 enumeret
1531 2461 1563 2518 et
1586 2452 1724 2536 singulas
1747 2451 1853 2535 signo-

323 2583 390 2626 rum
419 2562 525 2627 stellas
552 2561 690 2626 breviter
717 2567 921 2626 enumeraret.
967 2567 1097 2626 vocatur
1119 2566 1225 2626 autem
1252 2560 1304 2624 hic
1325 2564 1435 2626 auctor
1457 2561 1537 2625 miro
1561 2560 1698 2624 omnium
1725 2559 1854 2624 testium

323 2689 472 2734 consensu
494 2667 727 2734 Eratosthenes.
773 2668 886 2734 deinde
909 2667 942 2732 in
960 2668 1051 2733 Arati
1074 2669 1282 2752 interpretum
1305 2667 1447 2750 catalogo
1470 2689 1490 2732 a
1508 2667 1647 2732 Victorio
1671 2665 1756 2730 edito
1778 2667 1855 2730 Em-

322 2776 482 2842 tosthenes
509 2797 633 2860 quoque
659 2777 848 2851 nominatur,
873 2776 969 2840 rmde'
983 2781 1089 2840 tamen
1116 2777 1196 2840 nihil
1223 2774 1308 2840 aliud
1337 2775 1485 2858 seqnitur,
1513 2773 1574 2838 nisi
1597 2776 1663 2838 eius
1685 2793 1800 2837 nomen
1826 2775 1854 2836 in

322 2883 543 2949 commentario
566 2883 672 2964 aliquo
695 2883 727 2946 in
747 2881 879 2947 Aratum
903 2883 1079 2966 conscripto
1103 2904 1165 2949 non
1188 2903 1275 2948 secus
1298 2888 1392 2966 atque
1416 2884 1448 2947 in
1472 2882 1516 2946 eis
1539 2899 1620 2965 quae
1638 2901 1694 2944 nos
1712 2885 1856 2945 tenemus

322 2990 447 3056 scholiis
466 2989 589 3073 saepius
608 2995 881 3055 commemoratum
903 2988 1007 3055 fuisse.
1045 2990 1179 3073 denique
1198 2989 1439 3055 Eratosthenem
1463 2979 1687 3071 ἀστρονομίαν
1710 2979 1730 3073 ἢ
1753 3011 1854 3052 κατα-

322 3093 567 3184 στερισμούςῡθ)
591 3097 751 3180 scripsisse
774 3103 955 3162 auctorest
978 3095 1091 3161 Suidas
1118 3119 1141 3161 s.
1165 3119 1191 3159 v.
1215 3088 1460 3181 Ἐρατοσθένης.
1506 3095 1556 3158 his
1582 3101 1687 3159 autem
1710 3095 1855 3160 omnibus

321 3203 415 3270 fidem
446 3205 610 3288 abrogavit
637 3204 861 3287 Bernhardyus
889 3203 1128 3269 Catasterismos
1155 3203 1217 3280 vel,
1248 3205 1287 3267 de
1316 3223 1378 3287 qua
1408 3201 1475 3265 sola
1506 3200 1655 3282 loquitur,
1687 3201 1854 3284 Epitomen

321 3312 399 3378 nihil
423 3333 492 3376 cum
511 3311 719 3376 Eratosthene
742 3332 904 3376 commune
927 3309 1053 3388 habere,
1072 3311 1126 3376 sed
1150 3311 1355 3376 clarissimum
1375 3310 1441 3373 eius
1463 3329 1577 3372 nomen
1596 3308 1730 3391 turpiter
1749 3331 1854 3373 emen-

321 3421 373 3484 tiri
398 3418 578 3484 arbitratus.
589 3419 632 3504 B⁰)
669 3425 764 3500 atque
787 3439 866 3500 quae
890 3419 943 3483 ille
966 3418 1060 3482 huius
1079 3417 1234 3500 opinionis
1257 3416 1378 3500 profert
1400 3421 1594 3497 argumenta,
1615 3417 1764 3499 pleraque
1791 3425 1852 3481 tam

322 3525 426 3590 sutilia
453 3529 538 3600 suut,
564 3531 601 3590 ut
627 3525 765 3592 refutare
792 3545 830 3588 ea
856 3546 955 3608 paene
983 3523 1118 3588 taedeat.
1169 3521 1380 3606 omnia'cnim
1402 3522 1435 3586 in
1463 3543 1500 3586 eo
1529 3524 1680 3600 nituntur,
1702 3525 1794 3605 {quod
1823 3530 1853 3588 et

321 3633 489 3715 Epitomen
521 3654 558 3696 ex
590 3632 706 3715 Hygini
734 3632 914 3715 Astrologia
945 3632 1135 3714 descriptam
1166 3651 1233 3696 esso
1265 3636 1297 3694 et
1329 3631 1434 3695 omnia
1466 3651 1546 3714 quae
1579 3650 1616 3692 ex
1644 3629 1854 3694 Eratosthene

321 3739 463 3822 Hyginus
486 3738 609 3804 adferat
632 3739 672 3804 ad
691 3739 880 3804 Mercurium
900 3739 1058 3822 pertinere
1081 3743 1180 3820 putat.
1218 3739 1257 3801 de
1280 3744 1413 3820 utroque
1437 3757 1533 3819 supra
1555 3735 1617 3800 iarn
1641 3737 1717 3800 satis
1736 3736 1854 3801 dictum

322 3852 377 3910 est.
422 3868 484 3910 una
511 3852 615 3911 tamen
643 3844 799 3911 dubitatio
823 3846 1020 3928 relinquitur,
1048 3866 1085 3908 ca
1107 3865 1182 3910 sane
1205 3845 1402 3928 gravissima,
1430 3863 1511 3926 quae
1539 3865 1577 3907 ox
1600 3843 1738 3906 dictione
1760 3842 1853 3906 huius

321 3951 422 4016 libelli
439 3953 563 4034 pendet.
601 3954 807 4019 certissimum
826 3953 908 4017 enim
928 3957 976 4016 est
993 3951 1233 4030 Eratosthenem
1259 3953 1305 4015 ita
1323 3950 1458 4016 scribere
1482 3949 1680 4014 nullomodo
1702 3951 1852 4032 potuisse;
1942 3973 1943 4010 .

322 4058 393 4123 vide
424 4059 515 4124 modo
547 4079 628 4140 quae
660 4059 881 4144 Bernhardyus
918 4059 1074 4141 congessit
1111 4059 1252 4141 exempla
1284 4057 1538 4144 (Eratosthenica
1569 4079 1598 4138 p.
1629 4055 1689 4118 lii
1719 4055 1766 4142 a).
1822 4058 1850 4118 in
1941 4091 1943 4160 p

321 4171 468 4249 promptu
486 4165 612 4249 quidem
629 4171 676 4228 est
696 4168 862 4242 excusatio,
881 4187 944 4250 qua
962 4168 1009 4230 usi
1033 4187 1234 4250 quaecunque
1259 4166 1292 4228 in
1314 4165 1374 4228 hoc
1391 4163 1498 4229 libello
1517 4163 1698 4228 inferiorem
1716 4167 1852 4228 aetatem

322 4271 464 4336 redolent
486 4271 683 4355 compilatori
706 4271 887 4336 tribuamus.
933 4278 968 4336 at
990 4273 1105 4337 similia
1127 4273 1204 4337 vitia
1227 4273 1260 4337 in
1283 4270 1328 4336 eis
1352 4271 1647 4336 Cabrsterismorum
1670 4270 1852 4353 fragmentis
1942 4285 1943 4292 ¹

410 4501 443 4564 ⁶⁰)
463 4495 707 4572 καταστηριγμούς
726 4501 797 4555 libri.
819 4519 886 4556 corr.
906 4503 1009 4557 Portus.

411 4591 443 4656 ⁶⁰)
463 4590 580 4644 adsensi
600 4596 663 4644 sunt
681 4591 857 4660 Bernhardyo
872 4591 1099 4646 Westermannns
1119 4591 1146 4644 in
1162 4591 1425 4660 Mytbograpborum
1444 4607 1603 4657 graecorum
1624 4589 1744 4644 editione
1764 4607 1789 4658 p.
1805 4589 1851 4647 IX,

322 4681 461 4735 Beckerus
484 4679 680 4748 Prolcgomena
702 4679 730 4733 in
754 4679 848 4734 isidor.
869 4699 894 4749 p.
914 4682 993 4744 Vlll,
1018 4679 1170 4735 Merkelins
1194 4679 1285 4734 Ovidii
1309 4678 1385 4733 Fasti
1410 4697 1435 4747 p.
1455 4681 1520 4733 Vlll
1544 4678 1593 4732 alii
1617 4678 1709 4745 multi;
1733 4677 1851 4732 oblocuti

322 4776 385 4824 sunt
413 4768 547 4837 Bergldns
575 4770 655 4823 Anal.
684 4770 763 4823 Alex.
787 4771 800 4823 I
824 4788 848 4837 p.
874 4771 920 4823 is.
945 4770 1094 4824 Bursianns
1118 4769 1213 4824 Jahrb.
1238 4769 1257 4822 f.
1282 4770 1360 4822 class.
1385 4768 1483 4822 Philol.
1508 4769 1577 4823 1866
1600 4786 1626 4837 p.
1651 4769 1714 4832 765,
1738 4767 1851 4836 Freyins

322 4857 421 4914 Rhein.
441 4860 511 4913 Mus.
532 4859 609 4912 XXV
628 4877 653 4928 p.
673 4859 733 4924 272,
757 4858 878 4912 Hillerus
897 4857 1071 4912 Eratosthcn.
1092 4875 1173 4912 carm.
1194 4859 1243 4912 rel.
1263 4875 1288 4926 p.
1310 4859 1350 4911 70.
1375 4857 1552 4926 superstitem
1571 4857 1716 4926 Epitomen
1741 4854 1851 4926 genuini

322 4947 413 5017 operis
432 4947 636 5002 Eratostheniei
660 4947 849 5016 compendium
869 4963 929 5002 ease
952 4946 1005 5001 iam
1025 4948 1225 5003 Valckenarius
1244 4953 1272 5001 et
1291 4946 1413 5016 Heyniua
1433 4946 1561 5016 (epistola
1578 4947 1613 5002 ad
1633 4945 1848 5002 Schaubachium

321 5054 347 5106 p.
368 5037 445 5106 Xlll)
465 5043 627 5094 saturarent.
647 5039 696 5092 sed
714 5037 857 5095 nemodum
877 5036 1031 5094 cromatius
1050 5037 1079 5091 in
1098 5039 1168 5092 hanc
1187 5054 1245 5092 rem
1265 5035 1415 5104 inquisivit.
