3920 5806
1351 635 1434 706 cod.
1462 634 1726 722 Frisingensis.

1170 784 1240 828 oum
1263 763 1449 846 Theophane
1472 764 1645 842 ammonit,
1667 783 1706 826 ea
1728 782 1792 843 quo
1818 763 1917 824 notris

1170 875 1215 935 est
1233 872 1319 936 aries
1336 871 1566 954 chrysomallns
1568 919 1688 934 .....

1462 996 1524 1061 fab.
1551 996 1622 1061 194.

567 639 650 708 Cod.
674 641 925 709 Strozzianus.

530 998 562 1063 11
584 1021 613 1082 p.
639 997 711 1076 165,
736 1001 751 1064 1
773 1037 814 1046 -
836 1000 909 1076 166,
931 1000 961 1062 4.

424 1104 562 1188 Quidum
582 1109 687 1169 autem
704 1105 814 1168 dieunt
833 1126 897 1169 csse
917 1105 1116 1190 Orionem³³)
1214 1103 1319 1168 Arion
1352 1104 1592 1184 Methymnaeus
1627 1123 1697 1165 cnm
1732 1103 1812 1163 esset
1847 1102 1918 1161 arte
1948 1181 1949 1200 Χ

377 1211 642 1293 Methymnaeam.
662 1215 691 1276 et
710 1233 779 1276 oum
796 1215 872 1276 esset
891 1216 961 1276 arte
975 1213 1117 1276 citharae
1170 1211 1312 1275 citharae
1320 1215 1445 1290 potens,
1463 1230 1520 1274 reu
1537 1207 1774 1292 mramnusu)
1799 1201 1918 1268 Coriu-

371 1323 500 1398 potens,
527 1339 585 1382 reu
609 1317 845 1395 Corinthornm,
874 1317 1039 1399 Pyrantas
1060 1339 1117 1384 no·
1170 1317 1255 1380 thius
1269 1337 1337 1380 eum
1351 1315 1481 1394 dileait,·
1499 1317 1638 1396 quicum
1651 1337 1672 1378 a
1687 1333 1758 1395 reye
1766 1312 1917 1392 peti-isset

377 1426 469 1502 minc,
483 1445 552 1489 eum
560 1425 681 1490 ditescit.
701 1427 757 1505 qui
771 1445 840 1488 cum
853 1446 875 1490 a
889 1447 960 1508 rcqe
963 1427 1117 1507 petiisset,
1164 1443 1226 1503 per
1252 1425 1409 1486 cleritatem
1436 1427 1536 1486 artem
1562 1443 1655 1486 suum
1680 1419 1863 1484 irdustrure
1889 1421 1917 1480 et

377 1535 412 1594 ut
421 1532 562 1596 ciuitates
571 1537 641 1596 arte
650 1552 710 1594 sua
718 1531 917 1609 inlustraret,
929 1537 958 1598 ct
967 1554 1118 1615 mayunm
1169 1551 1319 1611 maynum
1326 1530 1560 1610 patrimonium
1573 1528 1770 1610 acquisisset,
1784 1545 1916 1590 consen-

371 1639 605 1716 patrlmonium
645 1639 851 1719 acquisisset,
897 1643 1118 1704 consmsernnt
1170 1641 1278 1700 serum
1300 1623 1417 1717 famuli
1439 1656 1508 1699 enm
1529 1637 1707 1714 uertisset
1725 1655 1796 1698 eum
1815 1633 1914 1696 iuter-

376 1743 494 1824 famnli
516 1765 586 1809 cum
607 1747 727 1821 nautis,
750 1751 785 1809 ut
808 1767 877 1810 oum
896 1746 1116 1825 interficerent.
1169 1743 1306 1824 licerem.

422 2299 514 2359 quem
535 2299 604 2342 oum
627 2277 739 2342 vellent
761 2277 950 2358 interficere,
971 2279 1054 2358 petit
1077 2279 1117 2344 ab

378 2387 432 2462 eis,
451 2389 486 2448 nt
504 2389 578 2448 unte
596 2384 788 2449 decantaret.
808 2407 878 2448 cnm
895 2389 999 2450 autom
1017 2387 1117 2450 citha-

378 2513 435 2556 rae
456 2511 553 2556 sonus
574 2511 643 2554 cum
666 2512 736 2556 voce
758 2493 826 2555 eius
847 2492 1024 2570 audiretur,
1052 2492 1117 2556 del-

373 2599 469 2678 phini
496 2599 581 2660 circa
609 2619 721 2662 aaran
748 2603 907 2662 uenerunt.
943 2598 998 2662 ille
1024 2621 1118 2679 snper

377 2725 475 2768 uuum
501 2725 540 2768 en
565 2704 616 2767 his
642 2725 674 2766 se
695 2707 938 2785 praecipitarit,
966 2708 1023 2787 qui
1050 2727 1118 2770 eum

377 2810 535 2874 stallatum
567 2807 718 2875 Corintho
744 2809 790 2873 ad
813 2832 915 2892 reyem
939 2811 1119 2893 Pyrantum

377 2916 500 2980 detulit.
535 2915 704 2996 delqurinus
729 2917 889 2981 subductis
910 2940 971 2998 per
998 2924 1119 2984 aestum

378 3025 475 3105 aquis
496 3023 698 3088 exanimatus
719 3027 773 3087 est.

423 3381 479 3460 qui
497 3401 566 3443 cum
584 3400 677 3443 casus
695 3400 769 3444 suos
783 3379 928 3463 Pyranto
942 3384 1117 3458 narrasset,

377 3506 471 3568 iussit
497 3526 555 3568 rea
582 3503 764 3584 delphinum
790 3505 916 3586 sepeliri
943 3510 971 3570 et
998 3507 1027 3570 ei
1053 3525 1118 3570 mo-

1215 1851 1266 1914 cni
1292 1848 1409 1929 Apollo
1437 1851 1473 1914 in
1497 1851 1630 1930 quietem
1657 1849 1795 1932 oeuit³⁶)
1826 1847 1912 1926 cique

1171 1956 1264 2034 dicit,
1283 1959 1319 2019 ut
1337 1959 1454 2021 ornatu
1474 1977 1531 2021 suo
1545 1959 1575 2020 et
1588 1976 1706 2020 corona
1726 1955 1911 2018 decantaret
1948 1997 1949 2024 .

1170 2067 1199 2127 et
1217 2065 1263 2127 eis
1279 2083 1311 2127 se
1329 2064 1484 2139 traderet,
1508 2063 1564 2143 qni
1582 2065 1611 2128 ei
1624 2061 1791 2144 praesidio
1812 2061 1910 2125 omra-

1170 2173 1247 2234 seut.
1948 2153 1949 2156 ¹

1215 2297 1305 2358 quem
1322 2297 1392 2341 eorm
1409 2277 1526 2358 famuli
1543 2281 1572 2341 et
1590 2279 1709 2341 nantem
1728 2275 1845 2340 vellent
1865 2275 1908 2337 in
1948 2271 1949 2352 i

1170 2385 1319 2463 terlieere,
1337 2386 1419 2464 petit
1441 2383 1481 2448 ah
1504 2386 1550 2448 eis
1567 2388 1603 2447 ut
1621 2387 1694 2448 aute
1715 2383 1906 2446 decantaret.
1948 2367 1949 2382 ¹

1170 2513 1239 2555 cam
1271 2495 1375 2554 autem
1401 2492 1544 2556 citharae
1574 2511 1671 2555 soniis
1697 2494 1726 2554 ot
1753 2510 1816 2554 cau
1846 2489 1908 2551 eius

1171 2598 1350 2674 audiretur,
1383 2597 1525 2678 delphini
1556 2599 1642 2661 circa
1678 2617 1792 2661 navem
1825 2613 1906 2657 ercur-

1171 2708 1256 2768 runt.
1295 2704 1408 2784 qruhus
1433 2704 1489 2768 ille
1515 2706 1593 2768 uisos
1618 2725 1651 2768 se
1671 2699 1906 2784 praecipitavit.

1172 2813 1228 2892 qui
1250 2832 1319 2874 crim
1341 2810 1500 2874 sublatum
1522 2810 1698 2875 attulerant
1725 2807 1905 2874 corruta-u

1172 2917 1216 2981 ad
1235 2938 1335 2999 reqem
1348 2917 1559 2999 Pyranthum.
1580 2919 1637 2998 qui
1650 2938 1720 2980 cum
1733 2915 1778 2980 ad
1793 2919 1905 2978 ter-rom

1171 3025 1298 3102 ecesse,
1321 3024 1455 3105 cupidus
1477 3024 1547 3088 orae
1570 3023 1753 3103 delphinum
1771 3023 1807 3084 in
1825 3039 1904 3084 arare

1171 3151 1235 3195 non
1248 3130 1405 3212 propulit,
1425 3131 1481 3211 qui
1498 3130 1544 3194 ihi
1561 3131 1763 3194 exanimatus
1781 3133 1835 3194 est.
1856 3125 1901 3206 qui

1171 3257 1240 3300 cum
1257 3257 1350 3302 casas
1367 3258 1440 3301 snos
1459 3235 1624 3318 Pyrantho
1642 3239 1824 3312 narrasset,
1845 3235 1902 3296 ius·

1171 3345 1212 3408 sit
1240 3343 1426 3426 Pyranthus
1456 3343 1639 3424 delphinum
1669 3341 1798 3424 sepeliri
1828 3338 1903 3405 etei

1171 3453 1393 3516 monimentum
1418 3451 1500 3531 fieri.
1527 3454 1603 3530 post
1625 3470 1766 3530 paucum
1793 3452 1903 3528 tempus

254 3628 257 3634 ’
378 3633 560 3694 nunantum
589 3629 671 3708 fieri.
703 3634 778 3709 post
809 3629 1014 3712 aliquantum
1044 3634 1118 3694 tem-
1173 3664 1211 3728 de

1171 3559 1343 3622 nuntiatur
1378 3556 1543 3639 Pyrantho
1579 3574 1695 3622 navem·
1726 3553 1902 3620 Corinthun

1212 3663 1313 3728 latam
1326 3668 1515 3744 tempestate,
1527 3665 1565 3728 in
1579 3685 1644 3744 qua
1656 3663 1763 3727 Arion
1776 3665 1903 3726 calatus

372 3754 467 3832 POPI'S
498 3754 604 3830 ’lavis’
638 3775 703 3836 Ilm
737 3753 837 3820 0²h⁰tl
867 3758 971 3818 ²7⁶⁶&ss
1000 3753 1118 3834 fullai,
1171 3771 1289 3852 ficerat.
1314 3792 1394 3852 qnos
1411 3792 1481 3836 cum
1492 3771 1628 3852 perduci
1646 3769 1741 3833 adse
1759 3771 1902 3850 imperas-

381 3873 566 3941 Gorinthmn
588 3878 696 3942 delata
719 3883 773 3943 est.
803 3898 882 3960 quos
904 3899 974 3941 cum
1000 3878 1119 3942 adduci
1171 3881 1217 3942 set
1235 3882 1263 3941 et
1281 3877 1319 3942 de
1333 3877 1454 3942 Arione
1471 3879 1656 3958 inquireret,
1675 3877 1825 3940 dicerunt
1842 3892 1902 3938 eum

379 4001 424 4064 ud
450 4022 482 4064 se
508 4003 692 4080 imperasset
718 4023 776 4066 rex
802 4006 831 4065 gt
858 4003 897 4066 (ze
927 3999 1042 4066 Orione
1067 4004 1118 4065 m.
1173 3983 1272 4047 obisse
1294 3988 1323 4047 et
1345 4005 1413 4048 cam
1431 3982 1613 4064 sepulturae
1634 3983 1817 4047 tradidisse.
1839 3979 1901 4061 qui-

1173 4091 1229 4154 hus
1251 4112 1309 4153 ren
1332 4091 1511 4172 respondit:
1535 4092 1686 4154 ‘crastino
1710 4089 1762 4153 die
1784 4088 1827 4152 ad
1844 4085 1901 4149 del-

1167 4197 1264 4276 phini
1277 4199 1499 4260 monimentum
1513 4196 1680 4260 iurahilis’.
1697 4196 1733 4260 oh
1749 4197 1783 4259 id
1792 4195 1899 4276 factruu

1173 4324 1225 4368 eos
1255 4303 1409 4368 custodiri
1440 4305 1607 4383 imperauit
1640 4307 1735 4383 atque
1762 4301 1901 4368 Arionem

1173 4411 1267 4474 iussit
1284 4411 1332 4473 ita
1351 4414 1514 4486 ornatam,
1534 4411 1687 4490 quomodo
1707 4431 1739 4472 se
1752 4406 1900 4489 praecipi·

380 4499 480 4572 ‘l‘Wlh
507 4503 603 4578 atque
625 4496 771 4562 (ΗΘΜ
788 4500 836 4562 lla
856 4503 1018 4576 Ormlums
1043 4520 1119 4578 91⁴⁰·
1173 4519 1308 4592 toocrat,
1330 4517 1367 4580 in
1384 4518 1572 4580 moniunnto
1591 4505 1733 4596 delphini
1750 4536 1839 4580 natue
1856 4512 1900 4574 de-

379 4623 469 4685 urodo
497 4643 529 4686 se
546 4623 831 4702 praecipitum-rat,
859 4624 895 4686 iu
922 4627 1119 4686 monunnnto
1174 4621 1320 4686 litesoere.
1351 4644 1421 4686 cum
1443 4628 1547 4688 aretem
1574 4645 1631 4686 reo·
1653 4643 1704 4686 eos
1727 4621 1899 4685 adduuissel

379 4127 532 4206 quinaret,
570 4125 720 4190 dicerunt
756 4147 824 4188 enm
861 4126 968 4190 obisse.
1007 4127 1120 4208 quihus

379 4250 433 4313 illo
452 4252 613 4326 ‘crastina
632 4251 749 4330 inquil,
768 4249 882 4313 dicad
900 4250 1042 4330 delphini
1054 4270 1119 4315 mo-

379 4378 560 4438 numentum
574 4374 732 4438 iurahitis’
741 4395 853 4454 easque
867 4375 1020 4438 credediri
1029 4396 1119 4438 marr-

468 4851 502 4918 ³⁸)
521 4852 679 4922 Brsysigius
698 4869 843 4922 perperam
863 4869 913 4920 per
933 4858 1016 4906 totam
1038 4853 1156 4907 subulam
1178 4853 1204 4906 in
1225 4853 1356 4907 Arionem
1375 4853 1504 4908 correxit.

469 4941 501 4998 ³⁴)
520 4940 696 5010 Pyranthus:
715 4941 891 4996 Periandrus
909 4943 1076 4996 Muackerus
1095 4940 1178 4996 reite.

468 5031 502 5098 ³⁵)
521 5030 560 5084 Cf.
581 5032 653 5084 Serv.
673 5032 708 5086 sd
727 5031 820 5101 Eclog.
841 5031 905 5084 VIII
925 5033 967 5086 55.
