3908 5802
380 463 423 530 20

564 643 611 695 vl.
671 655 674 660 ·
1081 657 1105 708 p.
1126 641 1169 704 66,
1187 641 1212 695 b.

424 748 612 836 Hapdr'roc·
644 743 802 836 Ἠριγόνῃ,
899 753 974 814 soret
1019 751 1075 832 qai
1122 743 1217 813 aliter
1261 749 1435 811 memorent.
1534 747 1608 808 sant
1643 743 1700 824 qai
1735 741 1921 823 Erigonae

379 849 449 944 ἥτις
504 857 687 940 σφαγέντος
741 865 802 922 τοῦ
856 857 1019 938 Eripeaco
1068 855 1286 920 Attcem‘easem
1334 854 1437 918 Icarii
1491 853 1579 916 Icari
1610 851 1712 932 tiliam
1744 849 1921 911 Attentio-

379 955 506 1049 πατρὸς
523 955 644 1051 ἑαυτὴν
663 957 801 1029 rivellen.
856 965 959 1045 filium
990 963 1272 1044 titisse...tbtpne
1301 963 1361 1026 sibi
1388 961 1436 1024 lo-
1490 957 1838 1034 semdr'emrt....ipsa
1859 979 1914 1017 reo

858 1093 935 1154 queo
959 1075 1086 1134 retortam
1109 1071 1251 1132 ccrlseioc't.
1491 1088 1522 1132 se
1544 1065 1706 1144 sas-parde
1730 1067 1867 1146 tapetem.

566 1195 612 1248 XI.
1082 1211 1107 1261 p.
1127 1195 1169 1258 86,
1189 1195 1213 1247 6.

420 1277 606 1368 Ὑδροχόος·
627 1273 726 1362 οὗτος
739 1280 803 1348 reci-
901 1284 1068 1347 Aristaeus
1082 1283 1200 1346 dicatur
1218 1281 1358 1346 mortibus
1377 1303 1439 1343 ιιιιι-
1537 1280 1664 1344 omittit.

382 1411 441 1468 σας
482 1392 596 1475 τέχνας
637 1385 708 1474 ᾔδει
749 1393 806 1456 καὶ
860 1391 910 1454 dis
946 1389 1130 1472 artibusque
1171 1389 1292 1468 adfinis
1332 1389 1438 1467 titisse,

381 1489 805 1584 dvdp'oiaouetdtd'agsr.³⁸)
859 1497 973 1577 potibus
1005 1498 1128 1570 ortibus
1160 1502 1273 1560 almos
1304 1495 1441 1558 booetius·

859 1605 903 1667 od
935 1605 1033 1667 boreas
1068 1603 1176 1686 (rupes
1211 1601 1441 1685 utilitatemque

853 1711 1055 1792 perducebat.

382 1911 444 1974 iam
471 1931 541 1974 cum
568 1909 752 1974 Dositbeum
781 1913 900 1991 septem
928 1908 1086 1991 signorum
1114 1907 1352 1990 explicationem
1381 1929 1419 1970 ex
1442 1906 1570 1988 Nigidio
1593 1906 1760 1988 sumpsisse
1790 1917 1920 1970 certnn..

383 2025 527 2082 octavum
546 2016 684 2080 indidem
705 2015 820 2080 babere
839 2014 949 2080 saltem
968 2013 1130 2097 probabile
1149 2016 1199 2089 sit,
1223 2015 1318 2078 trium
1342 2013 1533 2096 reliquorum
1552 2013 1790 2096 explicationem
1814 2017 1919 2078 eaden

382 2124 500 2188 referre
528 2144 590 2186 non
618 2122 842 2186 dubitabimus.
888 2121 966 2186 haec
989 2121 1086 2204 igitur
1109 2129 1183 2186 sunt
1210 2142 1290 2204 quae
1318 2143 1355 2184 cx
1383 2121 1511 2204 Nigidio
1539 2121 1570 2184 in
1598 2119 1715 2184 scholia
1739 2119 1919 2188 Germanic

382 2237 510 2314 recepta
533 2234 606 2295 sunt
629 2228 773 2293 frustula.

471 2336 557 2400 Duos
584 2335 688 2400 adbuc
718 2335 915 2420 auctores³⁹)
944 2335 985 2399 ab
1013 2335 1184 2418 interprete
1211 2334 1390 2398 Germanici
1418 2334 1578 2398 adhibitos
1605 2355 1672 2398 esse
1700 2333 1920 2398 intelleximus

383 2443 637 2519 Eratosthenem,
664 2444 728 2508 sive
756 2444 908 2526 genuinus
932 2447 980 2507 est
1007 2445 1070 2506 sive
1099 2449 1297 2524 personatus,
1320 2447 1352 2504 et
1384 2440 1542 2524 Nigidium
1571 2441 1722 2522 Figulum.
1770 2441 1839 2504 iam
1868 2463 1918 2504 nin

384 2557 509 2614 tantum
532 2549 658 2614 maioris
677 2548 816 2612 ambitus
838 2547 945 2614 fabula
963 2556 1063 2614 restat
1082 2550 1202 2612 auctori
1227 2571 1283 2612 suo
1306 2549 1442 2612 nondum
1465 2547 1599 2622 tributa;
1623 2569 1702 2632 quae
1725 2554 1836 2610 tamen
1860 2571 1914 2611 cui:

384 2659 425 2722 ad
452 2656 615 2722 duodecim
643 2658 733 2737 signa
760 2677 821 2719 con
844 2655 1014 2737 pertineat,
1043 2657 1097 2719 sed
1126 2656 1165 2718 de
1188 2653 1336 2719 Canicula
1363 2660 1445 2736 agat,
1472 2657 1512 2719 ad
1539 2655 1697 2737 Nigidium
1725 2653 1843 2718 referri
1878 2677 1919 2717 ue

385 2770 487 2848 queat.
537 2767 624 2827 extat
652 2783 690 2828 ea
715 2784 745 2844 p.
778 2761 829 2836 94,
855 2761 895 2824 16
920 2801 961 2808 —
985 2761 1037 2837 95,
1064 2761 1117 2838 lt;
1149 2763 1232 2826 redit
1260 2768 1378 2836 autem,
1406 2766 1442 2824 ut
1468 2762 1586 2824 diserto
1614 2759 1804 2824 scholiorum
1837 2770 1918 2825 testi-

384 2871 488 2936 monio
507 2875 638 2945 constat,
660 2869 701 2932 ad
720 2868 891 2949 Arrepbc'om
914 2869 975 2952 (sio
997 2889 1109 2934 nomen
1132 2869 1164 2931 in
1188 2866 1277 2931 libris
1297 2867 1397 2943 extat)
1417 2869 1653 2950 tragoediarum
1671 2867 1918 2946 scripturaram

385 3000 477 3062 quem
509 2977 628 3041 nullum
660 2975 756 3039 alium
788 2997 868 3050 esse,
901 2997 994 3060 quam
1026 2974 1175 3058 Amphim
1203 2975 1354 3038 comicum
1383 2974 1462 3038 vidit
1491 2972 1664 3037 bleiuekius
1694 2973 1819 3055 l'ragm.
1850 2997 1917 3038 ‹xrm

385 3105 486 3166 graec.
510 3082 523 3145 l
551 3107 580 3166 p.
604 3083 681 3148 404.
727 3081 815 3166 atqui
847 3103 884 3146 ex
914 3082 1023 3146 eodem
1051 3081 1206 3165 Amphide
1239 3083 1271 3145 in
1304 3088 1389 3145 certo
1417 3080 1712 3145 Catatsterismoium
1744 3079 1919 3162 fragment·

386 3190 532 3256 Callistus
560 3187 666 3254 fabula
693 3194 870 3264 enarratum
902 3189 938 3253 cf.
967 3210 1062 3271 supra
1088 3212 1117 3272 p.
1151 3189 1197 3251 12.
1243 3175 1349 3272 itaque
1378 3188 1455 3252 haec
1482 3209 1605 3271 quoque
1631 3187 1772 3251 narratio
1802 3210 1936 3252 summn

297 3375 301 3384 Ι
386 3320 455 3361 euin
479 3295 705 3378 probabilitate
727 3296 767 3360 ad
792 3293 1031 3360 Catasterismos
1054 3295 1197 3360 retertur.

386 3446 596 3459 —u-a-

478 3527 510 3587 ³¹³‘)
529 3523 583 3579 Vix
603 3531 653 3590 est,
673 3526 744 3592 quod
764 3541 887 3579 moneam
907 3529 976 3580 haec
996 3525 1080 3578 verba
1099 3541 1187 3592 neqiie
1207 3525 1235 3578 in
1254 3525 1450 3578 Deucalionem
1469 3543 1559 3594 neque
1579 3525 1607 3578 in
1622 3525 1810 3594 Ganymedem
1835 3559 1868 3568 -
1892 3531 1918 3581 iu

387 3613 460 3667 enirn
480 3630 497 3667 a
515 3613 653 3666 nonirullis
672 3613 809 3680 Aquarius
828 3614 1021 3682 explicabatur
1038 3643 1071 3664 «—
1092 3615 1139 3666 secl
1160 3613 1186 3667 iu
1207 3631 1290 3667 unum
1309 3614 1464 3668 Aristaeum
1484 3616 1628 3682 quadrare.

475 3703 509 3766 ³⁹)
528 3701 720 3755 Doctisslmum
739 3702 821 3766 illud,
842 3705 912 3770 quod
932 3704 967 3756 ad
988 3721 1010 3756 v.
1033 3705 1046 3756 1
1067 3701 1234 3771 adscriptum
1255 3711 1308 3767 est,
1329 3703 1475 3766 scholium,
1500 3721 1553 3772 quo
1572 3720 1620 3756 cur
1639 3720 1656 3756 a
1674 3705 1737 3757 love
1756 3706 1867 3760 Aratus
1889 3708 1919 3760 ic·

387 3777 474 3859 cipiet
497 3789 655 3859 exponitur,
685 3807 718 3845 ex
743 3791 822 3846 Arati
851 3791 1046 3845 commentario
1070 3799 1229 3860 excerptum
1253 3809 1313 3846 esse
1336 3800 1365 3845 et
1389 3809 1438 3860 per
1461 3809 1490 3846 se
1514 3798 1591 3861 patet
1616 3799 1644 3845 et
1668 3793 1784 3846 conlatis
1809 3799 1918 3849 scholii.-

387 3879 499 3934 Arateis
519 3879 701 3933 confirmatur.
722 3897 754 3934 ao
774 3880 890 3935 tortasse
909 3883 960 3934 hoc
980 3881 1113 3934 acholium
1132 3880 1186 3934 iam
1206 3881 1359 3949 antiquitus
1379 3881 1473 3936 eodem
1494 3881 1638 3944 volumine,
1658 3897 1711 3950 quo
1730 3881 1919 3939 Eratosthenis

388 3968 583 4034 catasterismi,
604 3985 670 4036 quoa
690 3968 763 4037 ipsos
777 3968 858 4023 Arati
877 3969 1065 4024 commentarii
1085 3969 1172 4023 instar
1190 3986 1250 4023 esse
1269 3987 1331 4042 mox
1350 3969 1549 4038 intellegemus,
1569 3969 1767 4024 continebatur.
1789 3979 1857 4026 utor
1878 3978 1918 4028 har

387 4057 533 4110 occasione
557 4063 587 4110 nt
611 4057 715 4111 scholio
739 4057 781 4110 illi
805 4057 899 4111 vitium
924 4059 1039 4112 demam.
1064 4076 1089 4126 p.
1110 4061 1152 4122 56,
1173 4059 1187 4110 7
1208 4057 1323 4126 legimus
1347 4075 1409 4112 eam
1432 4059 1499 4112 dreit
1521 4058 1680 4112 Herodotus
1703 4057 1795 4111 Iouem
1819 4062 1918 4116 dictan-

387 4161 442 4198 esae
460 4161 528 4198 aero
546 4151 571 4198 et
591 4145 685 4198 (traces
703 4145 823 4198 eiusdem
841 4163 896 4200 esee
915 4147 1054 4214 opinionis
1072 4177 1104 4185 —
1126 4147 1311 4200 Philemonem
1325 4149 1457 4200 cornicum
1476 4148 1550 4200 dicit.
1580 4147 1711 4200 Herodoti
1727 4149 1851 4215 verbal,
1871 4157 1919 4208 131.

387 4250 458 4302 quae
472 4234 630 4302 Breysigius
649 4235 677 4287 in
696 4235 872 4288 adnotatione
892 4235 1047 4304 exscripsit,
1067 4252 1127 4288 cum
1147 4236 1181 4290 ad
1201 4237 1344 4290 Persarum
1359 4237 1515 4304 opinionem
1531 4243 1664 4304 spectent,
1684 4239 1736 4289 huc
1756 4253 1810 4290 uon
1830 4239 1919 4295 sacen·

387 4339 605 4391 unumquemque
623 4322 705 4377 facile
724 4340 914 4378 concessurum
933 4340 992 4378 esse
1007 4327 1079 4392 puto.
1104 4325 1198 4392 itaque
1213 4325 1288 4379 aliud
1302 4342 1401 4379 nomon
1415 4326 1492 4380 latet.
1517 4325 1557 4378 nil
1572 4325 1648 4378 iuvet
1658 4324 1809 4392 Suringarii
1822 4327 1916 4384 Hesio·

388 4411 454 4477 dua·
468 4427 518 4465 nec
533 4410 715 4480 Kiesslingius
729 4412 887 4466 Zenodotas
901 4413 1100 4468 restituendum
1115 4429 1175 4467 esse
1189 4414 1257 4468 mihi
1271 4415 1415 4483 persuasit.
1444 4415 1478 4468 de
1492 4414 1578 4468 stoico
1591 4429 1743 4468 sermonem
1758 4429 1819 4468 esse
1836 4429 1869 4470 et
1884 4437 1918 4472 ιιι

387 4499 448 4569 ipsa
467 4507 495 4554 et
514 4500 597 4554 schol.
617 4503 695 4554 Arat.
715 4517 738 4554 v.
757 4503 774 4555 2
794 4502 899 4556 docent.
919 4503 967 4555 rat
986 4497 1041 4572 γὰρ
1060 4497 1110 4554 τὸν
1128 4497 1199 4572 ἀέρα
1219 4503 1270 4556 Διά
1290 4501 1428 4573 λέγουσιν.
1456 4493 1538 4566 οὗτός
1553 4500 1613 4557 ἐστι
1628 4498 1672 4556 διὰ
1688 4497 1803 4555 πάντων
1818 4502 1916 4574 toriaco

387 4584 460 4642 κατὰ
480 4583 543 4651 τοὺς
563 4584 715 4653 Στωικούς.
745 4590 799 4644 iam
822 4591 850 4643 in
875 4589 1057 4660 interpretum
1081 4591 1160 4644 Arati
1185 4593 1323 4660 catalogo,
1347 4608 1428 4660 quem
1452 4608 1486 4647 ex
1511 4591 1604 4646 codice
1629 4591 1763 4646 Vaticano
1784 4593 1917 4650 victorio<

388 4676 475 4730 edidit
494 4677 574 4730 slmul
594 4695 654 4732 cum
673 4679 833 4748 Hipparcho
848 4679 968 4732 Floreat.
990 4681 1066 4744 1661,
1086 4679 1250 4734 Heliodorus
1269 4681 1370 4734 stoicus
1386 4687 1620 4736 commemoratur.
1649 4697 1683 4735 ex
1699 4679 1739 4734 eia
1754 4687 1857 4746 actem,
1878 4687 1916 4754 qui

387 4765 446 4820 illic
466 4773 667 4832 enumerantur,
687 4766 846 4836 paucissimi
865 4783 975 4821 revera
992 4769 1107 4822 Aratum
1123 4769 1300 4824 commentati
1319 4775 1393 4834 sunt3
1413 4775 1455 4824 est
1474 4769 1563 4838 potius
1583 4770 1724 4837 catalogus
1743 4785 1837 4825 eornm
1857 4775 1917 4829 scri-

388 4861 508 4922 ptorum,
533 4871 646 4923 quorum
669 4856 779 4910 nomina
802 4855 830 4909 in
850 4855 962 4910 scholiis
980 4854 1091 4910 Arateis
1111 4863 1363 4913 commemorantur.
1394 4857 1449 4912 iam
1468 4857 1632 4913 intellexisti
1652 4874 1694 4912 me
1714 4875 1763 4928 pro
1783 4860 1916 4918 Herodoto

388 4941 529 4996 Heliodori
548 4959 647 4998 nomen
666 4945 813 4999 restituere
833 4945 912 4999 velle.

476 5031 509 5096 ⁴⁰)
528 5031 617 5090 Simili
637 5049 729 5087 errore
748 5051 774 5106 p.
792 5034 836 5100 84,
856 5035 888 5088 21
910 5033 1035 5092 Cratinus
1056 5033 1258 5106 tragoediarum
1278 5035 1395 5108 scriptor
1414 5042 1533 5092 vocatur.
