3908 5802
565 1651 1095 1756 PROLHGOMENA.

156 1935 310 2000 Libellum
328 1938 382 2020 qui
402 1935 435 1999 in
453 1934 612 2002 codicibus
630 1926 935 2020 Ἐρατοσθένους
957 1939 1261 2024 καταστερισμοὶ
1279 1938 1462 2004 inscribitur
1478 1941 1511 2005 in
1530 1942 1593 2005 sin-

62 2043 147 2125 gulis
169 2043 327 2126 signorum
350 2043 450 2108 stellis
471 2041 647 2107 indicandis
669 2064 740 2107 cum
763 2043 901 2128 Hygini
926 2041 1168 2128 Astrologiac
1191 2044 1272 2111 libro
1295 2047 1400 2123 tertio,
1421 2047 1455 2113 in
1477 2046 1593 2113 fabulis

62 2155 170 2215 autem
192 2170 272 2232 quac
295 2149 337 2215 ad
358 2149 481 2233 singula
503 2148 608 2214 sidera
630 2155 772 2233 spectant
791 2150 974 2216 enarrandis
992 2173 1062 2216 cum
1081 2153 1220 2217 eiusdem
1238 2151 1341 2237 operis
1359 2153 1440 2219 libro
1458 2155 1593 2221 secundo

61 2258 110 2322 ita
133 2257 316 2333 censentire,
339 2261 375 2319 ut
396 2261 452 2320 aut
474 2255 610 2321 alterum
632 2279 669 2321 ex
692 2257 793 2322 altero
815 2257 1005 2342 descriptum
1024 2279 1091 2323 esec
1109 2266 1165 2324 aut
1183 2281 1221 2324 cx
1239 2261 1349 2326 ecdem
1367 2261 1453 2327 fonte
1469 2269 1593 2328 uuum-

40 2371 125 2446 'que
147 2363 273 2428 fluxisse
300 2383 426 2428 necesse
453 2363 507 2439 sit,
535 2363 617 2428 inter
644 2385 751 2429 omnes
777 2369 908 2429 constat
956 2371 1052 2448 atquc
1079 2366 1313 2452 Bernhardyi
1337 2361 1594 2454 (Eratosthenica

62 2494 93 2556 p.
117 2471 193 2556 129)
217 2471 406 2536 sententiam
424 2469 662 2536 Catasterismos
686 2493 724 2536 ex
747 2470 864 2556 Hygini
882 2471 1061 2555 Astrologia
1083 2473 1253 2540 translatos
1276 2495 1342 2540 esse
1364 2475 1485 2558 opinati
1503 2499 1593 2560 prae-

63 2579 235 2644 clarissime
261 2577 411 2643 refutavit
437 2577 644 2643 Bursianus
672 2577 796 2655 (Jahrb.
824 2578 844 2642 f.
872 2577 959 2644 class.
988 2577 1099 2644 Philol.
1126 2579 1210 2645 1866
1237 2603 1266 2666 p.
1291 2581 1379 2669 765).
1424 2604 1496 2649 nam
1523 2605 1594 2649 cum

63 2686 206 2770 Hyginus
224 2684 266 2762 11,
288 2686 301 2748 l
328 2683 458 2750 Callisto
471 2677 502 2748 ¹u
526 2684 713 2768 quibasdam
730 2683 913 2750 Aetolorum
936 2691 1060 2770 captam
1079 2707 1145 2752 esse
1167 2693 1276 2753 narret
1299 2709 1399 2772 neque
1417 2711 1479 2774 quo
1501 2691 1593 2756 modo

63 2798 119 2857 aut
151 2794 182 2857 in
210 2791 377 2856 Arcadiam
405 2789 510 2857 Aetoli
537 2793 738 2875 pervenerint
765 2796 821 2857 aut
848 2792 889 2857 sd
916 2793 1044 2858 Aetolos
1068 2793 1212 2871 Callisto,
1238 2794 1379 2879 intellegi
1401 2797 1513 2880 poscit,
1540 2797 1593 2862 illc

64 2901 272 2965 ΑΙΤΩΛΩΝ
291 2898 474 2963 vocabulum
497 2899 530 2964 in
555 2920 591 2964 eo
609 2898 912 2976 Gatasterismorum,
934 2921 996 2982 quo
1019 2900 1161 2986 Hyginus
1183 2901 1341 2979 utebatur,
1364 2903 1533 2988 exemplari
1556 2925 1594 2968 ex

64 3007 276 3070 Amorum
290 3005 386 3072 fuisse
403 3012 587 3090 corruptum
603 3007 773 3090 perspexit,
791 3007 875 3091 quod
894 3005 1078 3072 vocabulum
1096 3009 1188 3074 unice
1206 3009 1379 3092 requiritur
1396 3031 1454 3076 nec
1471 3015 1593 3075 tantum

66 3112 156 3176 Arati
175 3117 207 3176 et
225 3113 401 3180 Germanici
420 3115 607 3198 interpretes
626 3113 779 3197 legerunt,
798 3113 852 3179 sed
872 3118 980 3179 nostra
997 3135 1121 3198 quoque
1141 3115 1434 3182 Catastorismcrum
1454 3117 1595 3200 exempla

66 3217 223 3282 exhibent
254 3219 382 3284 fuerunt
404 3243 478 3285 sane
502 3219 556 3303 qui
579 3222 649 3304 ipsa
665 3220 785 3304 Hygini
800 3218 897 3285 verba
915 3221 1026 3284 vitium
1045 3223 1237 3288 contraxisse
1255 3224 1318 3288 rati
1335 3245 1393 3307 pro
1411 3223 1595 3288 Aetolorum

67 3324 248 3404 aepolorum
266 3325 358 3390 scribi
377 3326 534 3402 iuberent3
552 3327 609 3391 sed
622 3331 707 3392 recte
721 3332 828 3391 monet
841 3327 1023 3404 Bursianus‚
1041 3349 1110 3392 cum
1126 3331 1210 3412 apud
1224 3330 1381 3413 Hyginum
1396 3329 1475 3394 haec
1487 3329 1594 3414 legan-

66 3436 133 3495 tur:
152 3453 236 3514 qaoc
247 3452 316 3495 eum
329 3433 364 3495 in
378 3433 465 3497 siluis
478 3438 515 3498 ut
528 3433 600 3514 fero
614 3437 794 3516 cayaretur,
816 3457 837 3498 c
852 3433 1041 3516 quibusdam
1054 3434 1238 3500 Aetolorum
1251 3440 1346 3517 capta
1361 3437 1406 3500 ad
1419 3437 1595 3518 Lycaonem

62 3559 124 3619 pro
146 3559 273 3602 muuerc
296 3539 329 3602 in
351 3538 527 3602 Arcadiam
550 3561 619 3604 cum
641 3539 710 3620 filio
732 3545 777 3604 est
799 3541 951 3618 deducta,
978 3541 1023 3605 ibi
1049 3542 1168 3606 dieitur
1189 3565 1213 3605 e.
1238 3563 1268 3623 q.
1292 3563 1327 3621 s.,
1356 3543 1452 3608 verba
1473 3543 1509 3606 iu
1530 3543 1594 3607 Ar-

66 3645 190 3709 cadiam
212 3667 249 3712 co
271 3649 396 3710 tantum
419 3645 547 3711 consilio
570 3646 680 3712 addita
701 3669 777 3724 esse,
804 3653 840 3711 ut
863 3647 968 3732 aliquo
991 3649 1102 3713 saltem
1125 3649 1217 3714 modo
1240 3648 1343 3714 Aetoli
1371 3650 1403 3713 in
1427 3650 1615 3730 Arcadiam,

66 3753 305 3830 deducerentur,
332 3752 441 3835 inepta
468 3773 540 3818 vero
568 3774 649 3831 esse,
672 3754 698 3817 si
726 3754 909 3834 oepolorum
936 3755 1109 3839 scripseris,
1136 3777 1204 3820 cum
1232 3759 1301 3821 tota
1323 3777 1373 3822 res
1400 3757 1433 3820 in
1460 3755 1596 3822 Arcadia

65 3863 184 3941 agatur.
211 3859 288 3924 haec
306 3859 404 3942 igitur
422 3859 582 3924 verissime
593 3859 775 3937 Bursianus‚
792 3861 875 3926 unde
895 3859 1029 3926 efficitur
1047 3883 1148 3944 neque
1163 3861 1401 3928 Ostaeterismos
1419 3885 1458 3928 ex
1472 3863 1596 3949 Hygino

67 3965 236 4049 descriptos
268 3987 335 4031 csse
367 3970 400 4030 et
431 3987 522 4030 usum
555 3987 621 4032 esse
648 3967 806 4052 Hyginum
835 3973 962 4034 auctore
994 3989 1116 4051 gaece.
1161 3967 1225 4034 alia
1256 3969 1394 4034 ciusdem
1424 3972 1471 4035 rei
1503 3991 1596 4054 argu-

67 4079 169 4136 menta
199 4074 232 4137 in
260 4073 370 4138 cadem
396 4073 617 4139 dissertatione
644 4069 817 4140 Bassianus
844 4076 967 4152 attulit3
999 4097 1095 4140 unum
1123 4096 1180 4159 ego
1207 4075 1335 4152 addam,
1368 4082 1484 4142 utres
1516 4098 1596 4160 quae

68 4179 159 4243 totius
192 4177 413 4264 disputationis
448 4186 574 4245 nostrae
606 4182 696 4264 quasi
728 4179 966 4247 fundamentum
998 4188 1046 4248 est
1082 4183 1167 4248 omni
1200 4181 1397 4248 dubitatione
1433 4184 1595 4248 eximatur.

67 4285 205 4368 Hyginus
223 4285 263 4362 II,
281 4287 311 4364 3,
338 4293 506 4370 postquam
527 4287 703 4354 Draconem
731 4309 803 4354 eum
829 4311 896 4355 esso
918 4310 1011 4373 quem
1034 4289 1184 4356 Hercules
1211 4289 1421 4356 interfecisset
1444 4291 1596 4374 exposuit,

67 4393 110 4457 ita
131 4393 248 4475 pergit:
275 4392 330 4457 loc
351 4397 447 4458 etiam
467 4395 553 4478 sigui
575 4396 644 4473 erit,
674 4395 759 4478 quod
785 4395 821 4460 iu
843 4395 999 4460 sideribus
1025 4417 1126 4478 supra
1153 4417 1223 4461 eum
1246 4395 1425 4462 Draconem
1447 4397 1596 4462 Herculis

66 4499 268 4564 simulacrum
295 4501 479 4580 osteudttur,
507 4506 542 4566 ut
564 4501 790 4567 Eratosthenes
817 4503 1024 4580 daucustrat,
1056 4523 1162 4586 quare
1184 4504 1308 4587 quoivis
1330 4503 1399 4568 licet
1421 4504 1596 4588 intellegere

66 4605 135 4668 laiac
161 4607 294 4670 manime
316 4605 496 4672 Draoomr
523 4609 603 4687 dicu
630 4631 730 4692 noque
754 4609 925 4693 quidquam
952 4609 1034 4675 inest
1062 4610 1094 4674 in
1121 4609 1171 4675 his
1194 4610 1311 4687 vorbis,
1338 4610 1422 4694 quod
1449 4610 1594 4676 offendat

67 4715 100 4774 at
120 4733 247 4794 prorsus
268 4711 332 4778 clia
358 4713 390 4778 in
414 4713 645 4780 Catasterismis
668 4715 829 4798 leguntur:
857 4709 1014 4800 μέγιστον
1043 4715 1078 4780 δὲ
1106 4711 1169 4800 ἔχει
1198 4729 1346 4804 σημεῖον·
1376 4715 1593 4782 inlustrandi

69 4809 155 4901 αὐτῷ
178 4810 374 4904 Ἡρακλέους
396 4818 548 4901 εἴδωλον,
580 4812 757 4908 ὑπόμνημα
784 4828 847 4887 τοῦ
874 4813 1005 4907 ἀγῶνος
1031 4813 1108 4900 Διὸς
1134 4819 1259 4900 θέντος
1286 4821 1529 4909 ἐναργέστατον
1556 4830 1596 4906 τῇ

69 4925 309 5008 σχηματοποιΐα.
347 4927 450 4994 Draco
473 4927 571 5012 igitur
593 4929 762 4994 maximum
781 4929 876 5005 sidus,
899 4934 936 4994 ut
953 4935 1011 5007 cst,
1029 4950 1096 4996 esse
1115 4929 1240 5007 dicitur,
1262 4937 1329 4995 tum
1347 4931 1475 4996 additur
1492 4930 1597 4994 Iovem

69 5032 95 5096 oi
113 5029 254 5098 Herculis
278 5033 478 5100 simulacrum
498 5035 739 5121 superposuisse.
776 5041 812 5100 ut
829 5035 947 5120 Hygini
969 5037 1127 5103 sententia
1145 5037 1380 5123 exprimeretur,
1398 5035 1597 5104 scribendum

1371 5145 1386 5199 1
