3908 5802
1552 415 1594 482 33

78 613 143 678 qnae
167 589 191 658 si
218 599 304 660 recte
332 592 502 678 disputavi,
530 592 730 660 statuendum
754 597 801 658 est
824 589 1064 660 Catasterismos
1086 593 1213 660 materie
1237 593 1340 679 operis
1363 613 1426 679 quo
1448 593 1594 680 Nigidius

77 701 188 784 Figulus
214 722 291 766 usus
318 700 361 768 sit
387 702 605 786 compendium
633 723 708 768 esse.
758 701 860 768 maius
886 707 993 767 autem
1020 701 1099 767 illud
1127 723 1205 786 opus
1232 723 1288 767 cur
1316 701 1355 768 ab
1384 702 1594 770 Eratosthene

74 807 265 885 abiudicotur,
293 829 420 893 prorsus
443 809 530 876 nulla
552 809 683 876 inveniri
708 814 813 894 potest
836 827 937 874 cauae
984 808 1078 873 immo
1102 830 1140 874 oa
1162 811 1280 886 omnia,
1308 831 1389 894 qaao
1417 831 1512 896 supra
1539 832 1593 876 ex·

74 916 158 998 posui,
179 923 304 982 tantum
326 939 389 983 nou
414 915 553 982 efficiunt
576 938 610 982 re
634 937 708 980 vera
730 915 771 980 ab
794 915 1004 980 Eratosthene
1026 915 1177 1000 scriptum
1201 915 1305 982 fuisse.

147 1023 210 1106 Ipsi
237 1028 346 1089 autem
369 1023 584 1090 Cataeterismi
607 1023 695 1088 varia
717 1022 834 1088 indicia
856 1022 1022 1108 praebent,
1049 1023 1132 1088 uude
1156 1021 1271 1090 librum
1294 1046 1314 1089 a
1335 1023 1491 1108 principio
1514 1025 1595 1092 hane

75 1129 189 1194 termam
212 1151 275 1196 non
293 1130 450 1208 habuisse,
473 1130 528 1196 sed
546 1135 656 1214 postea
674 1131 800 1195 demum
818 1130 849 1194 in
870 1151 938 1194 eam
958 1129 1120 1196 redactum
1140 1151 1206 1196 esse
1225 1129 1371 1212 conligas.
1404 1131 1595 1216 caprimum

74 1237 185 1318 quidem
202 1238 236 1301 in
255 1237 401 1322 Epitome
419 1236 477 1302 xv
496 1237 536 1302 de
553 1237 678 1322 Cepheo
699 1237 776 1302 haec
797 1236 945 1320 leguntur
964 1225 1065 1316 οὗτος
1082 1234 1120 1304 ἐν
1138 1233 1229 1320 τάξει
1247 1236 1403 1303 τέτακται
1421 1237 1595 1324 τέταρτος

73 1343 202 1410 similiter
220 1345 259 1410 de
277 1343 362 1429 Lyra
378 1344 525 1429 Epitorue
543 1345 646 1410 XXIV
668 1334 751 1430 αὕτη
771 1339 871 1430 ἐνάτη
889 1356 996 1410 κεῖται
1014 1341 1052 1410 ἐν
1071 1357 1141 1422 τοῖς
1159 1337 1299 1430 ἄστροις.
1337 1351 1492 1424 neutrum,
1510 1346 1595 1430 quod

74 1448 161 1527 uum,
184 1451 349 1536 qaisquam
368 1451 538 1530 intellexit;
561 1472 634 1518 nam
653 1473 722 1517 oum
741 1451 877 1536 scriptor
894 1449 986 1516 Arati
1005 1451 1146 1518 ordinem
1165 1458 1324 1536 sequatur,
1342 1451 1485 1536 Cepheus
1504 1453 1594 1536 qain-

73 1556 274 1636 tredecimus,
296 1558 381 1642 Lyra
397 1558 545 1626 noesima
561 1564 675 1644 quarta
693 1562 749 1624 est.
785 1565 820 1626 at
837 1557 887 1624 sao
905 1557 1042 1642 aliquem
1058 1559 1100 1624 ab
1119 1559 1202 1624 Ursa
1219 1560 1338 1626 maiore
1355 1559 1494 1624 omnium
1511 1559 1595 1624 side-

72 1687 127 1728 mm
148 1665 282 1732 maxime
305 1666 473 1751 conspicua
495 1665 696 1750 incipientem
717 1665 865 1750 singulos,
888 1665 943 1748 qui
961 1665 1119 1732 sideribus
1137 1663 1323 1744 formantur,
1345 1665 1435 1750 quasi
1454 1665 1595 1744 circulos,

72 1773 247 1856 utquisque
269 1773 399 1858 propius
422 1795 443 1840 a
463 1772 536 1858 polo
559 1773 658 1851 abest,
680 1774 728 1838 ita
749 1793 944 1848 memorerm
971 1779 1039 1838 tum
1057 1771 1142 1838 hune
1159 1772 1291 1840 habebis
1309 1773 1464 1841 ordinem:
1492 1771 1595 1858 primo

71 1879 172 1944 circulo
190 1881 392 1948 continentur
415 1881 448 1967 1)
468 1881 551 1947 Ursa
568 1881 668 1946 maior
687 1879 722 1964 2)
738 1880 821 1946 Ursa
838 1879 940 1944 minor
958 1879 994 1966 3)
1010 1878 1144 1964 Serpens
1161 1880 1198 1966 4)
1213 1880 1356 1964 Cepheus
1374 1880 1410 1965 ὃ)
1425 1879 1595 1964 Cassiopia,

71 1987 192 2052 secundo
224 1987 260 2072 6)
288 1989 403 2056 Bootes
431 1987 466 2074 I)
495 1987 618 2054 Corona
645 1987 680 2074 8)
709 1987 929 2052 Geuicularius
957 1987 992 2073 9)
1021 1987 1156 2072 Lyrae
1183 2011 1213 2071 q.
1241 2011 1263 2054 s
1313 1988 1441 2056 videsne
1469 1987 1597 2072 Cephea

71 2101 215 2176 quatum,
243 2095 358 2179 Lyram
384 2117 500 2162 nonum
528 2097 630 2161 locum
658 2095 829 2178 occupare?
874 2115 950 2160 num
973 2088 1103 2160 dubium
1127 2116 1193 2162 esse
1215 2101 1334 2180 potest,
1361 2094 1437 2179 quin
1461 2098 1596 2179 scriptor

71 2199 141 2266 hunc
167 2206 268 2287 ipsum
295 2204 437 2269 ordinem
464 2203 522 2278 eis,
554 2223 637 2286 queo
664 2223 759 2286 snpra
785 2201 931 2286 adposui,
961 2201 1063 2266 verbis
1091 2199 1267 2286 significare
1294 2202 1449 2269 voluerit?
1500 2204 1594 2268 immo

70 2309 179 2392 longius
201 2309 350 2394 progredi
374 2308 530 2376 debemus.
571 2331 674 2374 nonne
697 2309 866 2374 admodum
889 2307 1054 2392 probabile
1078 2315 1126 2375 est
1148 2309 1295 2393 primitus
1317 2309 1422 2376 sidera
1443 2310 1505 2375 boo
1527 2312 1595 2394 ipso

72 2419 168 2484 ordine
189 2424 373 2485 enumerata
395 2416 500 2494 fusse,
522 2421 633 2502 postea
655 2417 778 2484 demum
802 2415 842 2480 ad
862 2414 953 2481 Arati
976 2414 1214 2482 similitudinem
1237 2416 1391 2499 disposita
1409 2418 1495 2482 ossei
1532 2418 1596 2482 iam

71 2527 302 2602 animadvertas,
328 2530 479 2608 quantam
505 2523 776 2609 perturbationem
803 2522 942 2588 eiusdem
966 2521 1057 2589 Arati
1084 2522 1203 2589 mentio
1232 2525 1263 2588 in
1287 2521 1520 2590 Catasterismis
1546 2523 1596 2590 bis

72 2631 203 2698 effecerit
244 2633 284 2698 de
307 2632 398 2715 Equo
421 2631 556 2715 Epitom.
579 2631 687 2696 XVIII
714 2630 846 2714 legimus
871 2623 1003 2714 Ἄρατος
1026 2629 1067 2714 (v.
1091 2629 1155 2694 216
1180 2630 1218 2716 s.)
1245 2629 1307 2714 μὲν
1339 2616 1401 2696 οὖν
1430 2632 1511 2717 φησὶ
1534 2621 1595 2696 τόν

72 2737 117 2804 iai
146 2747 204 2806 τοῦ
225 2733 404 2816 Ἑλικῶνος
436 2733 521 2804 εἶναι
551 2735 739 2825 ποιήσαντα
766 2733 892 2824 κρήνην
920 2743 960 2820 τῇ
990 2728 1091 2820 ὁπλῇ,
1125 2728 1183 2820 ἀφ’
1207 2725 1249 2802 οὗ
1275 2741 1452 2804 καλεῖσθαι
1473 2729 1596 2803 Ἵππου

72 2843 194 2934 κρήνην·
228 2841 324 2912 ἄλλοι
357 2846 392 2912 δὲ
419 2837 481 2912 τὸν
509 2841 665 2931 Πήγασον
694 2840 778 2910 εἶναί
805 2859 887 2927 φασι
914 2865 939 2910 e.
966 2865 996 2927 q.
1024 2865 1047 2908 s.
1071 2844 1170 2928 igitur
1196 2843 1281 2909 idem
1309 2842 1469 2922 dixerunt,
1500 2851 1596 2928 atque

19 2953 20 3030 l
73 2951 186 3032 Aratus,
213 2954 263 3018 cui
290 2953 390 3020 nihilo
417 2953 521 3018 minus
548 2958 758 3036 opponuntur.
803 2972 930 3036 prorsus
958 2951 1041 3015 idem
1068 2949 1198 3028 accidit,
1225 2950 1280 3016 ubi
1308 2952 1347 3017 de
1371 2951 1454 3016 Ursa
1476 2953 1595 3018 minore

19 3039 21 3114 7
72 3061 175 3142 agitem
202 3060 298 3126 verba
325 3083 363 3126 ex
390 3060 517 3126 scholiis
539 3059 772 3126 Basileensibus
799 3057 991 3134 adscribam,
1020 3079 1090 3122 cum
1113 3057 1258 3142 Epitomo
1281 3058 1336 3122 illo
1359 3058 1428 3122 loeo
1450 3058 1597 3124 mutilata

74 3167 115 3230 sit:
136 3166 359 3250 Aplaostheaes
382 3171 486 3234 autem
508 3169 544 3232 ia
561 3166 695 3230 Noricis
716 3165 913 3248 Cynosuram
936 3165 1015 3228 dicit
1032 3163 1120 3228 Iocis
1142 3163 1241 3246 suessa
1264 3165 1416 3230 natricem
1438 3186 1537 3228 arram
1558 3186 1596 3230 ec

75 3273 167 3338 Idaeis
187 3275 334 3356 nymphis
353 3323 493 3338 ........
513 3273 638 3338 Aratus
659 3272 856 3354 Cynosuram
880 3277 908 3336 et
928 3271 1058 3336 Helicen
1084 3269 1242 3336 Cretenses
1260 3271 1348 3336 Iovis
1371 3269 1469 3352 faisse
1492 3272 1596 3334 arari·

72 3401 110 3444 res
130 3381 212 3462 dicit,
236 3381 272 3448 ab
295 3381 382 3463 qaod
404 3385 479 3446 aaut
502 3379 626 3445 caetea
647 3379 764 3445 batere
787 3380 932 3444 ἀνταίαν.
978 3379 1091 3442 iterum
1114 3400 1243 3461 prorsus
1267 3379 1351 3443 idem
1374 3377 1456 3442 dixit
1479 3377 1596 3442 Aratus

71 3492 153 3570 atque
175 3489 262 3554 cuius
285 3489 443 3554 sententia
464 3487 493 3552 ei
517 3487 694 3570 opponitur,
718 3485 953 3570 Aglaosthenes.
991 3506 1064 3548 nam
1087 3505 1157 3548 eum
1180 3505 1304 3568 quoque
1322 3505 1385 3550 ιιοιι
1404 3481 1595 3567 Cynosmam
1677 3521 1687 3554 ·.

72 3597 189 3672 tantum,
210 3596 266 3660 sed
290 3594 386 3662 etiam
406 3594 537 3660 Helicen
560 3613 826 3670 commemorasse,
848 3599 885 3658 ut
907 3593 970 3656 iam
994 3612 1090 3674 supra
1106 3592 1222 3667 monui,
1246 3591 1338 3656 valde
1355 3589 1520 3674 probabile
1538 3595 1595 3656 ost.

72 3699 165 3784 itaque
187 3725 258 3768 cum
279 3707 393 3766 neutro
416 3701 485 3766 loco
504 3699 595 3766 Arati
617 3701 736 3764 mentio
759 3721 831 3764 oum
853 3700 966 3764 ceteris
989 3697 1225 3762 narrationibus
1245 3697 1323 3762 bene
1342 3697 1518 3773 cohaereat,
1540 3697 1596 3762 sed

73 3814 237 3874 conmutum
259 3815 446 3874 tantumnon
469 3806 590 3884 turbet,
614 3829 650 3872 eo
673 3807 821 3884 adducor,
844 3812 880 3872 ut
902 3811 1038 3871 statuam
1064 3805 1285 3870 mausthenis
1308 3826 1386 3890 opus
1409 3825 1472 3868 nou
1495 3805 1596 3868 solum

73 3913 126 3978 alio
149 3917 257 3983 ordine
285 3907 473 4000 disposItuin
501 3915 597 3980 luisse
625 3915 679 3980 sed
708 3915 804 3978 etiam
836 3914 882 3978 eis
913 3935 993 3997 quae
1024 3933 1061 3976 ex
1090 3911 1180 3976 Arati
1208 3910 1437 3976 Phaenomenis
1464 3910 1597 3982 haustae

73 4029 136 4084 sunt
155 4023 398 4090 narratiunculis
421 4023 565 4088 caruisse.
611 4042 709 4104 quare
733 4042 771 4086 ea
793 4041 926 4104 quoque,
949 4041 1029 4104 quae
1052 4019 1187 4102 Epitom.
1212 4018 1272 4084 VII
1299 4020 1339 4083 de
1361 4017 1532 4100 Scorpione
1559 4039 1597 4082 ex

73 4125 150 4192 Arati
167 4152 192 4194 v.
207 4130 270 4196 637
286 4153 310 4195 s.
329 4136 361 4195 et
380 4130 497 4195 ibidem
511 4129 556 4194 IX
571 4129 611 4193 de
622 4127 751 4212 Virgine
770 4149 808 4193 ex
826 4127 966 4192 eiusdem
980 4148 1007 4190 v.
1022 4126 1065 4190 98
1081 4147 1103 4190 s.
1122 4147 1221 4210 paene
1240 4127 1280 4191 ad
1299 4124 1429 4190 verbum
1448 4145 1596 4207 expressa

73 4231 213 4315 leguntur,
233 4257 297 4302 non
321 4243 387 4302 tam
409 4237 450 4302 ab
470 4235 680 4301 Eratosthene
703 4234 845 4318 profecta
867 4255 961 4318 qrmm
983 4255 1002 4298 a
1025 4229 1228 4316 compilatore
1250 4231 1362 4296 addite
1384 4253 1451 4298 esse
1473 4253 1597 4298 censeo.
1718 4321 1722 4331 Ι

73 4359 133 4404 nam
149 4343 200 4407 ille
218 4365 408 4428 quamquam
427 4343 518 4409 Arati
536 4363 662 4408 carmen
680 4343 721 4406 ad
736 4341 957 4425 Theopropum
976 4341 1085 4405 datum
1103 4338 1366 4416 commemoravit,
1385 4345 1490 4406 tamen
1509 4340 1592 4404 eius-

74 4444 132 4511 dem
152 4449 371 4516 Phaenomena
393 4471 457 4514 nou
479 4451 579 4532 magis
602 4470 694 4533 quam
714 4448 857 4525 aliorum,
879 4448 934 4532 qui
952 4449 1028 4512 data
1046 4465 1142 4530 opera
1160 4445 1200 4510 de
1219 4445 1375 4511 sideribus
1396 4445 1598 4529 scripserunt,

73 4547 156 4620 libros
169 4556 359 4622 cousuluisse
373 4556 506 4620 videtur.
533 4561 644 4622 contra
661 4541 846 4638 compilato‘r
864 4555 895 4620 id
912 4553 1085 4638 spectabat,
1104 4559 1141 4616 ut
1155 4552 1401 4636 mythologicum
1415 4553 1448 4616 in
1464 4553 1597 4618 Aratum

75 4664 314 4729 commentarium
337 4668 547 4747 componoret;
571 4664 679 4746 itaque
702 4668 734 4727 et
757 4663 899 4727 ordinem
922 4661 1100 4726 immutavit
1122 4663 1155 4722 st
1176 4660 1328 4724 nonnulla
1350 4680 1388 4723 ex
1406 4661 1474 4745 ipso
1493 4659 1592 4724 Arato

75 4764 189 4835 addidit.
225 4771 386 4836 stellarum
409 4774 515 4835 autem
538 4769 697 4853 catalogos
720 4790 783 4832 non
805 4769 1013 4851 compilatori,
1036 4767 1091 4833 sed
1109 4765 1169 4849 ipsi
1187 4765 1391 4832 Eratostheni
1409 4766 1592 4832 tribuendos

77 4887 131 4936 esse
155 4875 396 4960 indelefficitur,
423 4878 601 4960 quodcum
625 4876 715 4940 Arati
738 4874 966 4941 Phaenomenis
988 4875 1116 4939 minimo
1139 4877 1322 4956 congruunt.
1367 4873 1400 4937 id
1423 4872 1507 4956 quod
1531 4893 1593 4938 uno

78 4983 200 5064 exemplo
223 4984 455 5050 demonstrasse
478 4986 555 5052 satis
577 4983 646 5048 erit
682 4982 828 5066 Epitome
852 4972 902 5046 III
923 4983 963 5047 de
986 4981 1147 5065 Serpentis
1171 4980 1270 5046 stellis
1292 4979 1372 5046 haec
1394 4977 1504 5045 habet:
1530 4975 1595 5064 ἔχει

1367 5085 1384 5140 3
