3908 5802
354 429 375 495 4

385 607 441 672 lll.
465 607 510 692 (ll
534 607 577 673 40
600 629 629 691 p.
655 607 705 684 78,
729 607 764 692 6)
795 605 944 672 nonnulli
975 625 1044 670 euru
1075 605 1283 672 Eratosthene
1313 605 1423 669 cluunt
1453 623 1521 670 enm
1552 608 1677 670 nutem
1709 623 1784 684 esse,
1822 625 1902 688 quo

464 715 656 780 1000100011
679 735 765 792 usus,
790 734 858 778 curu
880 713 1056 779 hominbus
1080 713 1251 779 ostenderet
1273 713 1388 777 eiuurn

390 839 442 906 IV.
466 840 579 926 (1142
602 863 630 924 p.
656 839 707 916 79,
733 839 788 925 11)
812 839 907 904 tertia
929 844 974 904 est
995 839 1087 904 stella
1110 839 1240 917 Martis,
1265 859 1362 922 quern
1384 837 1444 902 olii
1466 835 1613 902 Herculis
1636 838 1793 916 dicerunt
1828 837 1899 902 Ve-

463 949 548 1013 neris
565 967 695 1032 sequens
717 946 840 1012 stellam
862 946 929 1024 bac,
955 950 990 1011 ut
1007 945 1231 1010 Eratosthenes
1253 945 1309 1024 ait,
1334 945 1371 1009 de
1393 965 1500 1024 eausa,
1525 943 1609 1026 quod
1634 943 1795 1010 Vulcanus
1813 965 1899 1008 curn

462 1076 591 1120 acorem
629 1055 776 1122 Venerem
809 1053 962 1132 duaisset,
996 1057 1023 1118 et
1049 1059 1182 1134 propter
1209 1053 1276 1118 eius
1308 1051 1537 1118 observantiam
1563 1051 1669 1115 Marti
1700 1052 1792 1132 copia
1819 1073 1898 1115 nou

465 1164 562 1244 tieret,
586 1166 622 1228 ut
643 1159 726 1226 nihil
744 1160 878 1242 adsequi
896 1161 1062 1238 uideretur,
1080 1161 1146 1224 nisi
1163 1181 1225 1225 sua
1242 1159 1335 1224 stella
1360 1159 1487 1224 Veneris
1505 1158 1594 1223 udus
1608 1158 1766 1241 persequi,
1790 1158 1851 1223 hoe
1861 1159 1895 1244 ⁶)

465 1291 486 1334 o
512 1268 627 1335 Venere
648 1269 837 1350 inurdraoit.
875 1269 983 1349 itaque
1004 1287 1072 1332 eum
1095 1265 1282 1332 odeementer
1301 1287 1390 1332 autor
1408 1287 1477 1330 nen
1494 1266 1678 1346 incandeat,
1701 1267 1896 1349 0001019(ιί-

463 1377 565 1458 fieans
588 1397 603 1441 e
625 1375 711 1456 sacto
733 1373 858 1440 stellam
880 1373 1042 1456 Pyroenta
1065 1373 1248 1454 adpellaoit.

402 1501 438 1566 V.
463 1500 509 1590 (Il
532 1501 576 1564 42
597 1523 627 1584 p.
647 1500 698 1575 80,
718 1500 753 1585 2)
775 1499 924 1564 nonnulli
946 1499 1028 1564 huuc
1049 1499 1198 1563 Aurorae
1220 1503 1248 1562 et
1275 1495 1406 1578 Cephali
1428 1497 1532 1579 filium
1558 1499 1706 1562 dicerunt
1728 1497 1894 1578 pulcritu-

464 1607 537 1674 dine
563 1607 671 1672 neultis
693 1609 918 1688 praetentam.
969 1627 1006 1670 ca
1037 1627 1102 1687 qua
1129 1627 1163 1670 re
1190 1605 1285 1669 etiam
1311 1626 1380 1670 cunr
1413 1605 1529 1670 Venere
1560 1605 1677 1669 eluitur
1704 1609 1849 1684 maesse,
1862 1608 1893 1693 ⁷)

462 1719 498 1779 ut
520 1715 615 1780 etium
637 1713 862 1779 Eratosthenes
885 1713 970 1777 dicit.
1008 1734 1077 1778 curu
1094 1711 1152 1778 hac
1171 1712 1209 1777 de
1227 1733 1325 1776 cansa
1350 1712 1478 1776 Veneris
1496 1710 1656 1791 adpellari
1678 1715 1706 1776 et
1729 1714 1894 1777 cantune

464 1821 528 1886 sole
551 1825 579 1885 et
602 1821 755 1886 caenare
777 1819 887 1897 videri,
910 1841 1020 1904 quare,
1045 1824 1080 1885 ut
1102 1819 1168 1884 iane
1191 1822 1264 1883 ante
1283 1819 1429 1897 diunius,
1454 1819 1523 1883 iure
1546 1819 1628 1882 hurle
1649 1823 1678 1883 et
1700 1817 1890 1900 Luciferum

463 1933 492 1994 et
514 1927 689 2009 Hesperum
711 1928 916 1992 nominatum.

390 2052 442 2117 Vl.
465 2052 511 2139 (ll
537 2053 581 2117 43
608 2076 637 2136 p.
662 2053 793 2138 80,12)
821 2050 1044 2117 maculares
1074 2051 1155 2116 enine
1183 2051 1258 2114 elicit
1285 2051 1447 2116 Mercurio
1474 2049 1595 2132 infanti
1621 2072 1724 2132 puero
1750 2051 1890 2116 ‘ircsciaue

464 2159 617 2226 lurionem
643 2161 764 2225 dedisse
786 2158 882 2237 lacte;
908 2159 963 2222 scd
984 2162 1155 2240 postquam
1178 2159 1317 2223 rescierit
1344 2179 1412 2223 euni
1435 2159 1548 2224 Maiae
1576 2157 1777 2239 piliacense,
1806 2159 1890 2222 reie-

463 2268 539 2332 cisse
561 2287 630 2332 curn
654 2289 675 2331 a
696 2287 729 2332 se
751 2271 780 2330 et
801 2266 850 2330 ita
873 2265 964 2330 luetis
981 2264 1112 2346 profusi
1134 2264 1329 2346 splendorem
1351 2266 1434 2330 iuter
1456 2266 1563 2330 sidera
1586 2266 1750 2346 adparere.

442 2392 490 2457 Ex
513 2391 561 2458 his
585 2391 629 2457 IV
652 2397 684 2456 et
708 2391 734 2456 V
757 2390 798 2456 ad
824 2390 968 2474 planetas
991 2396 1131 2475 spectare
1155 2390 1249 2475 inque
1271 2389 1448 2455 nominibus
1471 2411 1577 2456 eorum
1600 2389 1792 2474 explicandis
1817 2409 1890 2454 ver-

354 2501 417 2566 sari
439 2499 534 2565 vides.
579 2499 611 2562 in
636 2497 783 2582 Epitome
810 2497 850 2562 de
877 2498 988 2579 quinta
1014 2501 1137 2562 tantum
1164 2496 1255 2562 stella
1282 2495 1390 2562 fabula
1416 2503 1590 2573 enarratur,
1617 2503 1791 2564 ceterarum
1818 2496 1889 2562 iere

354 2607 481 2671 nomina
507 2612 629 2670 tactum
652 2605 839 2670 indicantur.
876 2605 932 2669 sed
955 2605 1098 2670 convenit
1125 2605 1166 2668 de
1188 2604 1233 2669 eis
1256 2605 1339 2670 inter
1357 2604 1515 2688 Hyginum
1534 2610 1566 2668 et
1585 2603 1763 2688 Epitemcn3
1791 2602 1889 2668 immo

353 2713 407 2778 ille
434 2714 529 2778 etiam
555 2712 610 2777 ubi
643 2712 683 2776 de
714 2712 853 2777 secunda
885 2710 975 2776 stella
1002 2709 1098 2776 verba
1128 2710 1205 2776 lacit
1235 2711 1476 2776 Eratosthenem
1504 2716 1733 2778 commemorat
1789 2711 1888 2776 trium

354 2820 450 2904 igitur
472 2819 679 2904 posteriorum
702 2819 899 2902 planetarum
923 2839 1031 2884 causas
1054 2818 1086 2881 in
1110 2817 1341 2884 Catasterismis
1363 2823 1525 2884 euamatas
1549 2817 1644 2884 luisse
1667 2822 1799 2894 certum,
1823 2818 1887 2884 ita-

354 2949 415 3010 que
437 2927 576 3010 priorum
599 2947 722 3010 quoque
740 2926 873 2991 duorum
891 2946 1000 2990 causas
1019 2947 1057 2990 ex
1076 2927 1186 2992 eodem
1204 2924 1290 2991 fonte
1309 2925 1466 3010 Hyginum
1485 2925 1624 2990 hausisse
1643 2931 1885 2991 cernenteueum

354 3039 410 3098 est.
460 3033 576 3118 Hygini
604 3033 701 3117 igitur
729 3037 822 3116 caput
849 3031 937 3096 XLII
964 3039 1020 3098 aut
1047 3038 1148 3097 toturn
1176 3037 1232 3098 aut
1263 3053 1408 3116 magnam
1440 3038 1562 3115 partem
1590 3055 1628 3096 ex
1656 3033 1881 3097 Catasterismis

354 3139 480 3206 fluxisse
506 3145 625 3216 statuo,
653 3141 790 3223 exceptis
818 3145 922 3204 tamen
950 3138 1009 3216 eis,
1039 3160 1119 3221 quae
1151 3138 1184 3202 iu
1212 3139 1295 3204 calce
1327 3161 1364 3204 ex
1391 3139 1567 3204 Euhemero
1594 3139 1763 3204 adduntur.
1813 3161 1884 3204 nam

355 3245 565 3311 Euhemerum
579 3246 619 3311 ab
634 3248 703 3330 ipso
716 3246 841 3330 Hygino
855 3247 970 3310 lectum
984 3267 1052 3310 esse
1065 3251 1175 3328 postea
1189 3247 1404 3312 demonstrare
1418 3245 1562 3310 conabor.
1586 3243 1624 3311 ef.
1638 3245 1833 3329 Epimetrum
1846 3246 1886 3311 ll.

443 3351 573 3417 Maximi
595 3353 745 3418 momenti
768 3352 865 3418 verba
887 3357 960 3418 sunt
983 3373 1062 3436 quae
1081 3351 1138 3417 sub
1158 3352 1206 3417 ΙΙΙ
1226 3352 1391 3436 adscripsi3
1415 3373 1488 3418 nam
1510 3353 1564 3437 qui
1583 3351 1713 3418 Cratera
1731 3375 1769 3416 ex
1791 3353 1886 3418 Icarii

354 3458 462 3523 fabula
485 3459 645 3542 explicuit,
667 3459 694 3524 is
712 3460 833 3526 Booten
855 3480 876 3524 a
896 3459 1054 3524 nonnullis
1076 3480 1134 3542 pro
1153 3459 1265 3536 Icario,
1283 3459 1444 3543 Virginem
1466 3481 1523 3545 pro
1543 3459 1688 3543 Erigone,
1707 3460 1886 3526 Caniculam

354 3587 411 3649 pre
435 3565 544 3630 Maera
570 3565 681 3630 baberi
707 3567 960 3650 praetermittere
986 3587 1049 3631 nen
1071 3567 1185 3649 potuit.
1229 3565 1438 3650 probabiliter
1464 3567 1562 3650 igitur
1583 3568 1626 3632 ad
1648 3566 1886 3632 Gatasterismos

355 3673 528 3749 referimus,
551 3694 631 3754 quae
650 3673 791 3756 Hyginus
813 3673 843 3737 ll
867 3673 888 3736 4
911 3695 940 3757 p.
959 3673 1012 3748 34,
1035 3673 1077 3736 25
1097 3711 1138 3720 -
1158 3674 1210 3749 38,
1233 3673 1253 3736 3
1277 3673 1316 3738 (10
1334 3672 1444 3750 Ieario,
1467 3675 1497 3738 H
1522 3673 1564 3737 25
1586 3696 1616 3756 p.
1636 3674 1687 3750 68,
1712 3674 1731 3737 9
1756 3673 1885 3738 (101301-

354 3800 445 3862 gone,
468 3778 500 3843 ll
518 3777 561 3843 35
579 3801 608 3863 p.
629 3779 679 3854 74,
699 3779 718 3844 6
738 3780 778 3844 de
800 3778 894 3844 Icarii
916 3799 993 3844 cane
1011 3784 1128 3844 narrat.
1165 3785 1260 3864 atque
1279 3780 1362 3863 quod
1386 3781 1477 3845 modo
1496 3779 1660 3864 probabile
1679 3787 1755 3858 erat,
1779 3779 1886 3845 statim

354 3894 474 3952 certum
501 3885 563 3950 fiet.
608 3907 680 3951 nam
707 3909 788 3968 quae
814 3885 848 3950 in
874 3885 1001 3951 scholiis
1028 3887 1061 3950 in
1088 3886 1222 3951 Iliadem
1249 3887 1433 3969 conscriptis
1458 3887 1486 3950 X
1509 3887 1551 3950 29
1580 3887 1619 3952 (10
1643 3885 1743 3952 leuno
1770 3887 1887 3968 legitur

354 3993 463 4058 fabula
484 4014 671 4078 quamquem
694 3994 726 4057 in
751 3992 875 4060 brevius
897 3999 1060 4059 conuecta
1081 3999 1186 4058 tamen
1210 4016 1278 4058 eum
1303 3994 1419 4078 Hygini
1447 3994 1627 4058 narratione
1654 3993 1887 4058 accuratissime

354 4100 522 4176 consentin
545 4099 713 4164 haerente
736 4103 849 4164 statuit
871 4100 1009 4165 Hillerus
1032 4100 1205 4185 (Eratosth.
1230 4123 1322 4166 carm.
1345 4101 1400 4165 rel.
1424 4123 1453 4184 p.
1476 4099 1520 4164 95
1543 4101 1589 4185 s).
1635 4101 1725 4182 atqui
1747 4101 1780 4165 in
1803 4099 1886 4166 illius

354 4206 464 4272 scholii
487 4206 571 4270 ealce
593 4206 722 4270 additur
744 4203 869 4290 ἱστορεῖ
884 4198 1128 4292 ,Ἐρατοσθένης
1151 4205 1187 4270 lu
1210 4219 1281 4283 τοῖς
1304 4202 1425 4271 ἑαυτοῦ
1448 4201 1653 4291 καταλόγυις.

444 4312 531 4390 Quae
549 4312 606 4377 suh
626 4312 656 4376 II
676 4313 828 4396 adscripsi
846 4313 950 4390 verba,
972 4313 1145 4396 longiorem
1164 4315 1410 4396 disputationem
1432 4312 1603 4397 requirunt.
1641 4313 1816 4398 quidquod
1837 4315 1885 4378 vel

354 4418 579 4484 Valckenarius
602 4425 635 4484 et
653 4419 809 4503 Hauptius
832 4441 912 4503 quae
935 4419 1000 4484 11110
1023 4421 1063 4484 (10
1085 4419 1259 4502 virginibus
1276 4420 1399 4486 Lesbiis
1421 4427 1626 4486 narrarentur
1649 4442 1683 4486 se
1704 4419 1884 4502 intellegere

354 4531 517 4616 negarunt
563 4525 657 4591 hodie
680 4525 734 4610 qui
756 4532 852 4610 caput
878 4526 956 4592 illud
979 4526 1192 4612 Hyginianum
1218 4525 1367 4611 perlegit,
1394 4527 1444 4592 his
1467 4526 1570 4592 verbis
1593 4527 1758 4593 Berenices
1782 4527 1883 4593 nescio

444 4737 456 4770 ⁶
483 4739 534 4792 hoc
552 4737 654 4792 addidi.

443 4743 466 4890 'i
482 4828 513 4881 ln
537 4833 695 4882 transcursu
719 4843 814 4882 manee
839 4829 890 4904 hec
909 4828 1025 4882 Veneris
1043 4829 1216 4899 Hesperique
1235 4830 1269 4884 de
1288 4828 1473 4899 pulcritudine
1493 4834 1632 4884 certamen
1651 4833 1883 4902 repraesentatum
1930 4897 1933 4906 .

355 4933 414 4971 esse
434 4915 462 4970 in
480 4915 596 4985 picturis
612 4914 785 4984 Pompeianis
804 4918 839 4971 ab
859 4916 988 4986 llelbigio
1007 4934 1033 4970 n.
1053 4919 1204 4974 964-968
1223 4918 1398 4984 enumeratis,
1418 4935 1531 4987 qirarnm
1551 4933 1631 4972 unam
1651 4917 1724 4972 idern
1743 4917 1883 4987 llelbigius

355 5004 546 5066 delineaudem
566 5004 673 5060 curant
692 5021 715 5060 v.
735 5007 790 5060 tab.
811 5006 863 5075 x1;
883 5007 934 5061 hec
953 5005 1057 5082 primus
1076 5006 1215 5064 intellexit
1231 5007 1343 5064 Carolus
1357 5006 1470 5080 Dilthey
1488 5009 1560 5064 Bull.
1579 5008 1605 5062 d.
1620 5007 1686 5062 lust.
1702 5008 1770 5062 1869
1784 5024 1810 5077 p.
1826 5007 1882 5065 152.
