3908 5802
357 425 398 491 10

442 601 630 686 EpitomeV
648 625 677 686 p.
697 601 770 679 242,
791 602 830 666 16
850 623 872 666 s.
892 602 931 667 de
950 600 1072 667 Corona
1093 599 1171 666 haee
1194 601 1353 685 leguntur:
1379 605 1484 678 Οστσς
1501 597 1627 686 λέγεται
1647 623 1665 665 ο
1682 603 1740 686 τῆς
1757 587 1895 684 Ἀριάδ-

354 732 426 796 νης·
450 706 610 787 Διόνυσος
634 709 669 774 δὲ
694 701 797 773 αὐτὸν
820 707 866 785 είς
889 700 930 772 τὰ
954 702 1058 794 ἄστρα
1081 705 1214 794 ἔθηκεν,
1238 699 1291 773 ὅτε
1316 701 1394 785 τοὺς
1415 704 1539 794 γάμους
1562 704 1595 772 ol
1613 709 1690 773 drot
1708 705 1744 770 lv
1762 713 1803 788 τῇ
1826 729 1894 769 κα-

355 816 498 901 λουμένῃ
521 816 581 904 Δίᾳ
605 814 774 902 ἐποίησαν,
797 803 825 899 ᾧ
847 811 973 902 πρώτῳ
996 807 1016 902 ἡ
1040 812 1151 901 νύμφη
1175 811 1395 902 ἐστεφανώθη
1417 805 1507 899 παρὰ
1526 806 1631 898 Ὠρών
1655 817 1801 892 λαβοῦσα
1827 815 1892 876 καὶ

356 915 553 1008 Ἀφροδίτης.
595 923 700 988 itane?
746 943 816 987 eum
838 922 943 987 Liberi
966 923 1185 1005 Ariadnaoque
1207 923 1333 1005 nuptias
1356 923 1407 987 dei
1430 921 1633 996 celebrarent,
1655 927 1761 985 tumne
1785 919 1896 984 Liber

356 1031 513 1094 Ariadnae
536 1049 682 1094 eoronam
705 1030 788 1094 inter
810 1029 915 1095 sidera
937 1028 1128 1094 conlocarit?
1165 1032 1257 1094 immo
1279 1036 1355 1094 tuno
1376 1029 1519 1112 primum,
1542 1029 1662 1112 opinor,
1684 1047 1763 1090 nova
1781 1035 1895 1109 nupta

356 1157 424 1201 eam
447 1157 466 1200 a
488 1135 609 1200 Venere
632 1135 788 1221 Hor-isque
811 1137 938 1219 aceepit.
982 1136 1182 1201 manifestum
1204 1136 1301 1220 igitur
1323 1142 1370 1200 est
1393 1134 1488 1200 rerba
1511 1125 1566 1200 ὅτε
1589 1125 1668 1210 τοὺς
1690 1129 1816 1216 γάμους
1845 1171 1892 1180 -

357 1241 515 1330 ἐποίησαν
541 1248 613 1326 post
635 1234 826 1328 Ἀφροδίτης
853 1242 1027 1308 traicienda
1053 1257 1128 1307 esse.
1173 1247 1267 1325 atque
1294 1243 1340 1306 ita
1362 1241 1503 1325 profecto
1526 1240 1667 1326 Hyginus
1689 1237 1785 1304 rerba
1807 1259 1893 1304 eon·

355 1351 459 1414 looata
486 1349 574 1432 legit3
600 1371 673 1414 nam
696 1350 790 1414 vertit
815 1349 891 1414 115
918 1349 993 1414 haee
1019 1347 1171 1436 (Corona)
1197 1349 1396 1413 existimatur
1418 1349 1579 1414 Ariadnes
1601 1347 1699 1427 fnisse
1722 1369 1743 1411 σ
1765 1345 1892 1410 In'lrero

350 1461 447 1537 patre
476 1457 560 1520 inter
585 1456 693 1520 sideru
724 1457 894 1521 conlocata.
944 1456 1062 1522 dicitnr
1092 1457 1174 1520 enirn
1204 1457 1239 1519 in
1270 1455 1379 1520 insola
1406 1453 1474 1519 Da
1500 1475 1569 1519 ααα
1594 1453 1740 1519 Ariadne
1766 1453 1892 1517 Libero

355 1564 494 1640 nuberet,
522 1562 604 1626 lione
625 1564 767 1642 mianum
794 1583 940 1627 eoronam
967 1563 1090 1626 muneri
1117 1563 1268 1643 aceensa
1295 1585 1316 1627 α
1345 1562 1460 1627 Venere
1487 1566 1515 1626 el
1539 1561 1652 1639 Horis,
1681 1581 1750 1625 αιαι
1778 1579 1891 1624 manes

355 1669 406 1734 dei
436 1670 472 1732 in
498 1670 566 1734 eins
592 1670 713 1750 nuptiis
741 1669 826 1734 dorm
853 1668 1036 1750 eonferrent.
1085 1674 1194 1734 eontra
1221 1669 1314 1734 sohel.
1343 1669 1446 1734 Germ.
1474 1691 1503 1752 p.
1532 1669 1587 1744 61,
1616 1668 1633 1731 7
1662 1667 1737 1731 baec
1763 1687 1888 1731 corono

356 1776 473 1840 dieitur
499 1795 562 1840 esse
584 1775 757 1854 Ariadnes,
786 1796 882 1858 quarn
905 1776 1000 1842 Isiber
1027 1777 1125 1840 ostris
1152 1775 1309 1854 intulisse,
1337 1781 1372 1840 nl
1399 1777 1466 1840 eins
1488 1775 1619 1856 nuptias
1642 1774 1692 1838 dei
1714 1771 1890 1837 ininsula

356 1881 425 1947 Dia
447 1881 645 1961 celebrassent,
669 1884 810 1968 eoprtnns
827 1883 1033 1964 praeclaram
1055 1882 1167 1962 facere,
1193 1903 1258 1964 qno
1275 1883 1416 1962 mimum
1433 1903 1516 1946 nova
1534 1885 1636 1962 nupto
1655 1885 1808 1944 οονοααία
1827 1883 1887 1956 est,

356 2009 453 2071 qnam
484 1994 644 2070 σοσσρονοί
675 1991 715 2054 ab
741 1989 841 2054 Horis
872 1995 900 2054 el
931 1989 1053 2054 Venere.
1102 1989 1186 2054 unde
1218 1989 1349 2072 adparet
1382 1992 1413 2053 in
1441 1989 1582 2071 exemplo
1614 1989 1697 2070 qnod
1725 1987 1889 2068 interpres

357 2095 533 2160 Germanioi
556 2095 685 2162 tenebat
707 2096 802 2162 verba
823 2097 887 2160 iarn
909 2095 1099 2178 transposita
1122 2095 1224 2160 fuisse.
1261 2095 1345 2160 aliud
1369 2117 1492 2178 quoque
1510 2096 1620 2159 vitium
1642 2093 1716 2158 huie
1740 2093 1888 2175 exemplo

356 2223 426 2268 eum
453 2205 568 2268 nostris
591 2203 751 2287 Epitomes
778 2202 937 2269 oodioibus
964 2223 1125 2267 eommnne
1152 2209 1227 2266 erat.
1272 2202 1321 2267 de·
1335 2202 1483 2267 Canicula
1509 2203 1542 2266 in
1565 2201 1710 2284 Epitome
1733 2199 1775 2262 33
1803 2198 1889 2262 haee

356 2310 515 2393 leguntur:
547 2311 624 2394 περὶ
650 2306 773 2375 τούτου
801 2309 880 2396 (soil.
907 2315 968 2374 τοῦ
995 2301 1111 2393 κυνὸς)
1140 2305 1319 2394 ἱστορεῖται
1347 2299 1399 2374 ὅτι
1427 2307 1516 2374 ἐστίν
1545 2299 1563 2373 ὃ
1593 2307 1706 2383 δοθεὶς
1733 2297 1887 2392 Εὐρώπῃ

357 2412 466 2497 φύλαξ
486 2406 568 2498 μετὰ
586 2423 648 2480 τοῦ
667 2412 857 2500 δράκοντος.
895 2416 956 2480 iam
980 2416 1184 2499 Koppiersius
1203 2415 1357 2480 intellexit
1375 2437 1431 2498 pro
1451 2411 1634 2500 δράκοντος
1652 2413 1887 2478 restituendum

357 2545 424 2588 osse
446 2516 589 2600 ἄκοντος
611 2523 648 2587 el.
672 2524 851 2608 Apollodor.
874 2522 948 2588 bibl.
972 2522 1020 2587 Ill
1045 2523 1094 2599 15,
1120 2525 1147 2599 1,
1170 2521 1199 2585 ὅ.
1237 2521 1382 2586 Antonin.
1406 2521 1539 2587 Liboral.
1563 2520 1643 2586 XLI.
1683 2525 1717 2585 at
1740 2513 1887 2603 δράκον-

356 2651 414 2706 τος
440 2630 517 2713 legit
544 2631 698 2714 interpres
721 2629 898 2695 Germanici
923 2652 952 2711 p.
975 2629 1032 2705 94,
1055 2629 1074 2692 9
1098 2629 1179 2693 ίιαασ
1202 2629 1310 2692 dieunt
1332 2630 1486 2693 enstodern
1508 2629 1619 2692 dolum
1640 2627 1792 2708 Europae
1812 2647 1885 2688 nna

357 2755 426 2800 enrn
447 2737 590 2801 drueorre.
637 2736 777 2820 Hyginus
800 2735 841 2813 ΙΙ,
864 2736 906 2800 35
929 2757 986 2800 noo
1009 2736 1152 2800 draconis
1175 2757 1231 2800 nec
1254 2736 1348 2800 iaculi
1371 2736 1558 2800 mentionem
1581 2733 1665 2800 facit.

445 2843 481 2906 In
499 2843 643 2926 Epiteme
662 2842 766 2908 XXIV
786 2842 893 2907 Musae
917 2865 986 2907 eurn
1009 2843 1059 2907 oui
1083 2843 1199 2926 Orphei
1223 2842 1321 2926 lyram
1344 2842 1455 2907 darem
1476 2865 1538 2907 non
1561 2841 1722 2916 haberent,
1744 2838 1784 2902 ab
1807 2837 1885 2902 lore

358 2951 539 3033 impetrasse
561 2949 718 3027 dicuntur,
740 2955 777 3014 ut
798 2951 881 3014 inter
904 2949 1007 3015 sidera
1029 2971 1096 3014 earn
1120 2950 1304 3014 eorrloearet.
1340 2950 1395 3013 sed
1418 2951 1487 3032 ipsa
1504 2948 1598 3014 rerba
1621 2945 1798 3012 adscribam
1820 2937 1885 3032 τὴν

359 3057 394 3122 δὲ
421 3051 525 3140 λύραν
553 3047 615 3120 οὐκ
644 3051 776 3139 ἔχουσαι
804 3047 872 3139 ὅτῳ
897 3052 1039 3121 δώσειαν
1062 3047 1123 3121 τὸν
1146 3057 1207 3120 Δία
1228 3048 1373 3142 ἠξίωσαν
1396 3055 1654 3139 καταστερίςειν,
1682 3044 1775 3129 ὅπως
1798 3051 1883 3116 ἐκεί-

357 3186 419 3228 νου
447 3185 482 3226 τε
510 3165 566 3227 καὶ
593 3155 706 3227 αὐτῶν
729 3158 942 3249 μνημόσυνον
965 3168 1049 3246 τεθῇ
1073 3161 1108 3226 ἓν
1131 3175 1202 3239 τοῖς
1225 3156 1365 3248 ἄστροις.
1412 3162 1524 3247 quibus
1547 3162 1624 3226 haee
1646 3159 1761 3244 Hygini
1785 3161 1881 3224 verba

357 3271 547 3353 respondere
571 3271 703 3353 adparet
726 3269 766 3345 ΙΙ,
791 3269 808 3332 7
832 3270 948 3334 Musas
967 3319 1045 3335 .....
1066 3269 1170 3353 lyram
1193 3291 1255 3353 qno
1278 3270 1412 3334 munione
1428 3273 1603 3350 potnerunt
1625 3267 1768 3347 benficia
1790 3266 1883 3331 illins

357 3377 524 3440 maneriae
546 3379 644 3440 conso
666 3379 839 3460 tipnrnlorn
861 3375 960 3440 stellis
981 3378 1064 3441 inter
1086 3377 1193 3441 siden
1215 3377 1410 3441 constituisse
1427 3375 1589 3456 Apollinis
1611 3379 1639 3439 el
1661 3374 1748 3439 lonis
1769 3373 1883 3438 οσίιια-

358 3487 434 3561 lale,
459 3505 645 3567 quamquam
669 3483 824 3566 Hyginus,
846 3483 901 3565 qui
926 3485 957 3547 in
980 3484 1040 3548 hoe
1061 3483 1163 3566 capite
1186 3484 1282 3548 alium
1306 3505 1428 3567 quoque
1450 3483 1590 3547 libellum
1613 3479 1769 3556 adhibuit,
1792 3484 1826 3544 et
1849 3481 1883 3543 in

358 3589 406 3654 his
425 3589 528 3654 verbis
552 3594 584 3654 et
605 3595 699 3654 antes
721 3589 870 3655 nonnulla
888 3611 908 3654 a
926 3589 1155 3654 Catasterismis
1174 3591 1277 3655 aliena
1294 3589 1493 3656 admiscuisse
1511 3590 1640 3654 videtur.
1677 3587 1739 3651 iam
1758 3587 1885 3652 evolvas

358 3697 561 3779 interpretem
585 3695 761 3761 Germanici
788 3720 818 3781 p.
843 3697 898 3774 84,
923 3697 964 3762 13
991 3698 1119 3780 eiusque
1147 3697 1250 3778 ίμνααι
1272 3698 1405 3762 Miseno
1428 3697 1579 3762 dederunt
1601 3695 1765 3774 lovemque
1787 3714 1886 3775 ropa-

358 3824 439 3880 oere,
468 3807 503 3867 nl
529 3803 596 3868 eins
622 3805 802 3868 uremur-ianr
829 3804 927 3868 nstris
952 3803 1093 3884 inferret.
1139 3805 1213 3886 quid
1240 3804 1300 3868 boe
1327 3805 1373 3868 roi
1401 3805 1466 3868 est?
1511 3803 1593 3868 unde
1617 3801 1736 3865 Musaei
1764 3802 1885 3866 mentio

358 3910 478 3977 inlata?
522 3910 597 3993 quid
624 3911 708 3993 qnod
736 3911 818 3974 idem
842 3910 873 3972 in
897 3911 1014 3975 scholio
1038 3910 1155 3975 Aratea
1178 3911 1219 3975 ad
1242 3932 1267 3975 v.
1291 3911 1354 3974 264
1378 3933 1407 3994 p.
1432 3909 1486 3986 75,
1514 3910 1554 3974 37
1578 3907 1674 3972 Beklr.
1697 3927 1886 3972 nommenro-

358 4023 459 4092 ratur,
491 4017 575 4098 quod
602 4015 894 4081 Catasterismonrm
926 4017 1137 4082 narrationem
1169 4018 1201 4080 in
1233 4017 1356 4082 brevius
1386 4021 1575 4082 contractam
1604 4013 1732 4078 exhibet
1759 4021 1887 4078 serrata

359 4129 462 4187 tanim
485 4127 574 4186 tanta
591 4123 638 4188 rel
661 4123 694 4186 in
717 4123 847 4206 singulis
865 4123 967 4188 verbis
991 4124 1203 4200 similitudine,
1226 4131 1261 4188 nt
1283 4125 1322 4188 de
1345 4123 1431 4188 fonte
1450 4123 1587 4188 dubitari
1607 4125 1749 4202 nequeat.
1787 4120 1886 4186 verba

358 4229 391 4293 in
414 4229 567 4295 Vaticano
599 4235 631 4294 et
661 4229 821 4294 Marciano
854 4231 900 4294 ita
931 4230 1090 4314 leguntur:
1122 4232 1178 4294 καί
1209 4221 1290 4316 μετὰ
1319 4225 1470 4296 θάνατον
1499 4221 1602 4294 αὐτοῦ
1628 4217 1688 4314 τὴν
1716 4223 1820 4312 λύραν
1848 4227 1885 4292 αἱ

360 4337 490 4400 Μοῦσαι
519 4332 649 4401 ἔδωκαν
672 4337 833 4420 Μουσαίῳ
858 4329 1088 4423 eginonem)
1111 4328 1171 4402 τὸν
1196 4339 1269 4417 Δία,
1297 4327 1388 4413 ὅπως
1412 4329 1515 4402 αὐτοῦ
1537 4331 1749 4422 μνημόσυνον
1773 4333 1821 4418 τίη
1845 4332 1884 4400 ἐν

359 4453 428 4520 τοῖς
460 4435 600 4528 ἄστροις.
649 4445 782 4528 adparet
808 4445 917 4508 eadem
946 4443 1123 4508 Germanioi
1151 4445 1353 4530 interpretem
1380 4444 1412 4507 in
1440 4442 1580 4526 exemplo
1607 4464 1663 4507 sno
1689 4441 1808 4523 scripta
1834 4442 1884 4504 in-

359 4549 485 4627 venisse,
508 4551 568 4614 nisi
592 4551 674 4632 quod
698 4572 756 4633 pro
780 4543 958 4629 ἀξιώσαντι
980 4551 1093 4633 legisse
1116 4551 1240 4615 ridetur
1263 4543 1452 4630 ἄξιώσασαι,
1475 4549 1572 4634 quod,
1595 4551 1626 4613 ni
1650 4548 1751 4624 fallor,
1774 4567 1882 4612 verum

450 4819 479 4888 ¹⁴)
499 4815 550 4877 Pro
569 4815 611 4876 his
631 4837 663 4876 er
683 4813 841 4890 Mosqnensi
861 4817 929 4874 haec
948 4813 1076 4890 leguntur
1094 4815 1123 4875 in
1142 4815 1262 4875 editione
1281 4815 1380 4874 Bublei
1400 4817 1412 4873 I
1431 4834 1456 4888 p.
1476 4818 1527 4873 284
1551 4805 1584 4872 oi
1603 4809 1775 4881 ἀξιώσαντος
1797 4809 1882 4886 λόγος

359 4901 409 4968 τὸν
424 4905 475 4966 Δία
493 4906 579 4980 αὐτὴν
597 4912 812 4982 καταστερίσας
833 4911 973 4964 Beklrerus
992 4901 1026 4964 οὗ
1044 4905 1217 4976 ἀξιώσαντος
1235 4903 1251 4962 d
1267 4904 1335 4972 Ζεὺς
1354 4903 1441 4976 αὐτὴν
1460 4903 1670 4976 κατηστέρισεν.
1699 4906 1733 4958 de
1747 4903 1880 4964 Vaticano

360 5008 388 5058 et
405 5001 547 5056 Marciano
565 5000 628 5056 vide
647 5017 716 5071 quae
735 4999 792 5055 dixi
811 4999 839 5054 in
859 5001 1082 5069 Fragmentomm
1102 4999 1246 5070 prooemio.
