3906 5800
190 456 290 510 Sonos.
311 455 403 510 Girsu.
423 455 455 508 G.
480 473 505 524 p.
526 455 584 522 147,
606 455 646 510 17.
1093 455 1223 508 Hrcurcs
1242 454 1276 518 ll,
1297 454 1338 506 12.
1524 451 1583 516 131

138 633 261 699 Dicitur
293 639 397 700 autem
429 633 570 700 fabulose
598 635 681 698 iuter
707 638 794 698 astru
889 633 950 698 Hic
972 632 1148 699 nobilitatis
1171 653 1267 700 ceusu
1288 638 1319 697 et
1342 631 1427 714 quod
1445 630 1542 696 inusi-
1614 627 1716 682 XXII·

97 742 271 808 conlocutus
294 763 332 807 eo
355 742 438 826 quod
457 741 578 824 Iupiter
596 741 628 804 iu
647 740 793 805 similitu·
846 745 914 805 tuto
942 762 1056 825 genere
1083 741 1311 808 concubitionis
1334 744 1416 804 esset
1438 743 1540 814 nutus,
1603 717 1726 772 Perseus.

99 849 198 914 dinem
235 851 324 914 aurei
360 849 471 914 imbris
502 869 535 912 se
567 847 794 912 transformans
846 849 887 913 ad
911 849 1016 914 sideru
1038 849 1155 914 dicitur
1177 848 1362 932 pervenisse.

98 956 202 1022 delusa
216 957 325 1023 Dsnse
344 977 414 1022 eum
434 955 586 1040 genuerit
609 957 662 1039 qui
681 956 794 1020 missus

76 1071 117 1127 5s
138 1063 306 1147 Polydecte
332 1063 420 1130 iussu
443 1062 591 1128 Mercurii
619 1067 795 1145 acceptes
891 1062 945 1146 qui
981 1063 1093 1128 missus
1130 1085 1150 1128 o
1181 1063 1348 1146 Polydecte
1379 1060 1586 1144 Mcpnetiso

98 1169 236 1235 Vulcano
255 1170 335 1236 fulco
353 1171 557 1236 adamantina
575 1191 631 1253 por
644 1190 720 1234 aere
733 1169 795 1233 iter
846 1170 915 1251 filio
934 1171 975 1235 ad
991 1170 1162 1254 Gorgones,
1181 1169 1381 1246 cMercurio‚
1399 1169 1456 1250 qui
1474 1189 1542 1234 eum

97 1277 212 1342 faciens
235 1278 275 1342 ad
301 1277 465 1360 Gorgones
487 1276 687 1359 perhibetur,
714 1295 794 1360 quse
847 1277 993 1342 dilccisse
1007 1279 1215 1358 mistimutnr,
1232 1278 1347 1344 talaria
1357 1284 1389 1343 et
1398 1283 1541 1360 petasum

97 1385 170 1448 dum
203 1391 267 1459 tres
299 1405 422 1450 sorores
454 1383 573 1448 fuerint
604 1405 666 1448 uno
694 1382 794 1458 oculo,
847 1384 980 1467 accepit3
995 1389 1163 1466 praetcrea
1175 1385 1308 1468 poleam,
1329 1405 1395 1466 quc
1408 1385 1542 1448 indutus

8 1480 13 1604 p
97 1512 161 1554 unc
196 1491 338 1556 uidelicet
364 1489 584 1572 pulcritudine
613 1489 793 1555 utebantur.
847 1511 884 1555 cn
907 1492 1037 1558 aduerso
1060 1511 1125 1555 non
1143 1497 1270 1573 poterut
1292 1493 1401 1558 uideri.
1433 1493 1543 1572 itaque

8 1619 12 1669 :
64 1606 116 1662 lte
137 1598 249 1682 quibus
271 1598 342 1675 uni,
365 1617 445 1680 quae
468 1597 600 1662 Medusa
622 1597 794 1672 dicebatur,
850 1597 966 1664 Gracci
996 1592 1099 1676 Ἄϊδος
1129 1599 1255 1682 paleam
1288 1601 1437 1664 dicerunt
1469 1617 1540 1675 csse,
1553 1606 1587 1659 10

8 1676 13 1792 l
101 1712 190 1789 caput
225 1705 359 1771 abstulit
395 1709 427 1769 et
458 1702 619 1768 Minervae
650 1704 792 1768 tradidit.
846 1725 912 1770 non
929 1711 965 1772 ut
984 1707 1116 1790 quidum
1134 1707 1372 1772 insolentissime
1389 1708 1542 1786 interpre-

8 1800 13 1851 l
100 1814 178 1895 quod
197 1812 253 1878 illc
271 1813 304 1877 iu
323 1833 378 1878 suo
396 1816 532 1895 pectore,
555 1811 703 1876 Perseum
719 1830 793 1874 vero
846 1817 959 1878 tantur
994 1835 1063 1880 eum
1091 1815 1165 1880 Orci
1196 1813 1290 1897 palca
1321 1833 1426 1892 usum,
1461 1833 1543 1895 quac

102 1921 179 1984 iuter
202 1921 308 1985 sideru
329 1918 505 1984 conlocusse
529 1919 683 2000 opinatur.
847 1941 896 1984 res
914 1923 1033 1987 nentini
1052 1923 1140 1988 docto
1154 1925 1259 2002 potest
1273 1921 1416 2002 probcm'.
1441 1920 1542 1986 fertur

848 2027 943 2091 etiam
971 2030 1154 2094 aVulcuuo
1181 2028 1293 2093 falcem
1321 2029 1477 2110 accepisse
1505 2047 1542 2091 ex

848 2135 1016 2201 adamante
1038 2136 1163 2213 fuctum,
1186 2157 1251 2217 quc
1269 2121 1439 2200 Medusam
1460 2133 1586 2199 Gor-15

843 2261 929 2324 ponc
967 2243 1141 2324 interfuerim
1183 2243 1269 2324 quod
1300 2243 1421 2324 factum
1452 2263 1542 2305 nemo

844 2351 1038 2429 conscripsit.
1077 2351 1131 2415 sed
1153 2358 1189 2416 ut
1212 2351 1258 2415 ait
1283 2349 1453 2432 Aeschylus
1476 2354 1542 2413 trs-

844 2457 1028 2539 goedisrum
1046 2457 1180 2539 scriptor
1198 2460 1229 2522 iu
1249 2458 1401 2533 Phorcisi,
1419 2455 1540 2522 Graesc

845 2561 973 2628 luerunt
992 2563 1171 2647 Gorgonum
1191 2565 1345 2640 custodes,
1369 2565 1407 2628 dc
1425 2584 1487 2646 quo
1505 2565 1541 2626 in

841 2671 947 2750 primo
966 2672 1046 2735 libro
1063 2669 1330 2755 Gmealoyiurum
1347 2671 1539 2752 scripsimus.
1551 2678 1586 2732 20

844 2797 925 2859 quae
937 2782 1090 2860 utraeque
1103 2800 1166 2843 uno
1176 2781 1265 2844 oculo
1274 2801 1350 2844 usae
1361 2777 1541 2843 existimen-

843 2890 905 2960 tur,
924 2885 1017 2948 etita
1034 2907 1090 2950 suo
1106 2907 1247 2972 quaeque
1262 2892 1402 2970 tempore
1418 2884 1541 2968 vigilias

844 2990 952 3073 egisse.
993 2990 1077 3058 hunc
1090 2993 1236 3086 Perseus,
1259 3015 1322 3059 una
1344 3014 1452 3058 earum
1476 2996 1540 3056 tra-

844 3099 948 3175 dente,
971 3106 1136 3182 exceptum
1158 3102 1192 3166 iu
1209 3102 1355 3185 paludem
1375 3097 1541 3164 Tritonida

844 3205 985 3289 proiecit
1000 3207 1109 3290 itaque
1119 3207 1300 3273 custodibus
1311 3207 1484 3272 excaecatis
1493 3203 1540 3268 fc·
1550 3213 1585 3266 25

845 3312 903 3377 cilc
919 3311 1098 3395 Gorgonum
1112 3335 1220 3380 somno
1235 3314 1429 3395 consopitam
1442 3311 1540 3376 intor-

845 3419 928 3486 fecit.
969 3421 1057 3486 cuius
1080 3428 1174 3506 caput
1196 3421 1337 3486 Minerva
1359 3421 1392 3484 in
1414 3423 1541 3502 pectore

846 3527 964 3592 dicitur
986 3526 1104 3592 habere
1127 3527 1329 3594 conlocatum.

882 3958 893 3994 r
908 3938 953 3994 blo
969 3953 1019 3991 mn.
1036 3936 1065 3990 V.
1101 3933 1255 3990 nobilitatis
1270 3952 1353 3991 cause
1368 3932 1412 3990 διὰ
1426 3931 1477 4004 τὴν
1492 3927 1585 4000 dieas.

847 4045 858 4083 r
877 4033 1014 4098 petasum:
1034 4039 1165 4093 pegasum
1181 4023 1210 4078 V.
1283 4042 1295 4080 s
1315 4031 1343 4079 et
1359 4031 1422 4094 post
1441 4031 1586 4093 prsetcree

846 4117 908 4172 RB.
945 4113 1115 4173 rssnemiue
1125 4113 1204 4168 docto
1214 4113 1248 4168 R.
1286 4131 1311 4169 rr
1321 4130 1400 4168 nemo
1411 4113 1585 4182 conscripsit:

845 4224 872 4260 n.
892 4203 1046 4274 scripsitV.
1083 4221 1109 4258 u.
1128 4219 1180 4258 uon
1200 4203 1311 4272 scripsit
1330 4205 1364 4258 M
1380 4209 1405 4258 et
1422 4202 1449 4257 R
1469 4221 1487 4256 c
1505 4220 1539 4258 m,
1558 4207 1587 4274 2,

847 4295 923 4360 cuod
944 4294 1063 4361 recipere
1084 4293 1144 4347 uult
1165 4293 1340 4360 sumanus·
1366 4293 1433 4346 milri
1455 4294 1486 4346 in
1507 4309 1587 4347 nemo

846 4383 988 4451 scriptoris
1009 4397 1109 4436 nomen
1133 4383 1258 4450 (fortasse
1281 4381 1416 4436 Hesiodus
1442 4399 1466 4436 n.
1489 4383 1587 4452 Theop,

847 4475 943 4540 274³.)
968 4473 1051 4526 lutere
1069 4471 1186 4541 uidetur,
1207 4473 1370 4539 praesertim
1393 4487 1455 4526 cum
1474 4478 1588 4541 perpet:

848 4561 896 4614 sed
919 4567 950 4614 ut
968 4560 1007 4615 sit
1025 4561 1188 4630 Aeschylus.
1262 4578 1287 4616 rc
1307 4577 1359 4629 quo
1383 4559 1412 4614 V.
1433 4560 1531 4629 qulbus
1550 4559 1587 4614 D.

847 4667 872 4705 ει
897 4657 1041 4718 utresque:
1071 4651 1106 4717 cf.
1130 4649 1241 4704 Hesicd.
1268 4650 1484 4718 miseconem.
1510 4647 1587 4702 oud.

848 4738 915 4792 Mn.
934 4739 983 4792 IV
998 4741 1060 4792 773.
