3920 5806
14 1931 20 2026 l

1574 381 1638 447 217

71 558 172 623 eidem
209 565 346 624 autem
378 561 473 624 etiam
505 561 614 637 verbo,
651 582 731 642 qaae
765 564 797 626 in
833 559 895 626 fine
926 561 1040 646 prioris
1072 560 1197 626 fabulae
1229 562 1391 645 legrmtur:
1427 560 1513 642 qaod
1543 581 1640 642 equos

6 746 10 761 Ι
69 665 199 727 irainssa
230 667 366 745 patris
396 667 569 730 inaceroat
594 667 765 734 tribuenda
792 675 877 745 sunt,
908 689 979 734 cum
1009 667 1070 733 hoc
1095 688 1160 732 non
1186 667 1369 744 Heliadum,
1399 669 1456 734 sed
1483 667 1639 732 Horarum

7 794 11 819 ι
71 792 186 836 munus
225 771 291 837 sit.
340 774 424 857 quod
457 794 530 840 vero
557 775 590 838 in
618 774 754 858 genuina
780 775 910 840 alterim
937 774 1062 840 fabulae
1084 779 1175 860 parte
1203 775 1359 840 Hesiodus
1386 775 1579 850 nominatur,
1605 773 1639 840 id

8 952 9 964 χ
70 883 155 942 recte
180 879 340 960 quidem
363 879 413 956 lit,
436 881 491 946 sed
513 881 682 946 tenendum
706 887 762 959 est,
785 903 847 947 non
870 882 952 947 hanc
974 903 1067 948 unam
1090 887 1214 948 tantum
1238 903 1317 960 rem,
1340 882 1394 948 sed
1417 886 1518 948 totam
1539 880 1639 946 histo-

9 981 15 1071 ξ
72 985 148 1048 riam
182 1006 229 1049 ex
262 985 417 1052 Hesiodo
445 989 566 1052 narrari
573 1012 582 1063 ;
609 988 642 1053 id
670 989 752 1052 enim
779 1009 842 1054 nou
870 989 969 1054 solum
997 1009 1036 1053 ex
1063 988 1145 1053 libro
1173 988 1367 1066 Stronziano,
1394 989 1448 1054 sed
1476 987 1573 1053 etiam
1600 1008 1639 1052 ex

10 1108 11 1112 ’
70 1089 204 1155 fabulae
237 1093 316 1157 154
342 1093 449 1171 titulo,
476 1095 529 1178 qui
558 1099 606 1159 est
629 1093 794 1160 Phaethon
817 1096 959 1172 Hesiodi,
987 1096 1161 1162 rectissimo
1189 1096 1257 1172 ille,
1285 1096 1453 1160 dummodo
1481 1095 1522 1160 ad
1544 1115 1639 1159 unam

71 1199 333 1284 genuinamque
361 1201 571 1266 narrationem
601 1201 769 1280 referatur,
796 1203 993 1286 perspicitur.
1027 1204 1162 1287 denique
1189 1203 1378 1287 Pherecydis
1406 1223 1518 1266 nomen
1542 1202 1639 1266 inter-

72 1305 210 1387 polator
238 1330 287 1372 ex
316 1307 453 1391 genuina
475 1308 666 1374 narratione
679 1310 744 1373 suis
766 1309 894 1393 ineptiis
916 1311 1119 1394 interposuit,
1144 1315 1179 1373 ut
1202 1329 1239 1374 ex
1262 1309 1435 1374 Strozniani
1457 1309 1560 1374 verbis
1583 1309 1639 1374 ad·

73 1416 181 1494 paret:
220 1413 270 1477 ab
305 1413 411 1478 Arato
443 1415 490 1479 vel
519 1413 695 1496 Ptaeeyde
725 1414 908 1493 Eridanus,
942 1417 998 1497 qai
1024 1421 1054 1480 et
1082 1414 1206 1494 Podar,
1235 1436 1299 1480 esse
1320 1420 1475 1497 putatum
1507 1435 1639 1497 quorum

75 1516 193 1582 ultima
219 1539 266 1584 ex
294 1519 424 1605 Hygino
451 1519 578 1586 fluxisse
602 1543 728 1588 1000010
751 1527 812 1599 est,
840 1545 909 1588 eum
937 1525 969 1588 in
992 1517 1224 1588 Catasterismis
1252 1544 1310 1588 nec
1337 1523 1377 1588 de
1399 1523 1486 1588 Pado
1515 1543 1573 1586 nec
1600 1521 1639 1588 de

75 1624 276 1709 Pherecyde
300 1648 404 1692 sermo
423 1629 477 1701 sit;
500 1635 640 1694 ceterum
658 1649 742 1706 cave,
764 1650 804 1693 ne
823 1628 1033 1714 Pherecydem
1051 1631 1091 1696 de
1109 1629 1221 1708 sidere,
1244 1631 1328 1715 quod
1346 1630 1431 1713 apud
1449 1629 1638 1694 recentiores

78 1730 252 1798 Eridanus
280 1735 384 1812 audit,
407 1735 502 1800 verba
524 1735 635 1802 fecisse
658 1741 764 1818 putes:
786 1735 864 1800 nihil
889 1737 972 1802 eninr
991 1737 1044 1802 ille
1062 1736 1158 1814 aliud,
1180 1744 1217 1801 ut
1235 1757 1273 1802 ex
1292 1735 1417 1821 Hygino
1436 1735 1639 1820 intellegitur,

13 1861 15 1882 2
78 1857 175 1918 quam
206 1839 399 1904 Eridanum
427 1841 546 1906 Padurn
574 1863 641 1908 esse
668 1843 836 1908 contendit.
874 1863 953 1926 quae
985 1843 1040 1908 ubi
1068 1843 1262 1927 cognoveris,
1286 1843 1437 1909 concedes
1463 1865 1526 1908 non
1553 1846 1638 1907 recte

81 1950 184 2042 totam
205 1945 361 2012 fabulam
384 1949 445 2013 154
464 1969 484 2012 a
502 1947 655 2014 Bursiano
675 1949 826 2026 damnari,
850 1948 1015 2016 falsissime
1032 1957 1136 2015 autem
1156 1971 1175 2014 a
1193 1949 1369 2016 Schmidtio
1388 1949 1516 2014 titulum
1533 1948 1638 2013 Phae·

14 2043 16 2068 ²
81 2049 157 2114 then
181 2051 335 2119 Hesiodi
357 2055 390 2120 in
412 2053 586 2134 Phaethon,
610 2054 763 2120 Heliades
785 2057 910 2122 mutari.

173 2159 242 2225 His
273 2161 450 2246 perspectis
477 2183 586 2226 vereor
613 2181 653 2226 ne
681 2163 775 2227 etiam
804 2184 884 2246 quae
911 2163 944 2227 in
971 2162 1122 2228 1011194
1150 2163 1190 2228 de
1213 2162 1339 2228 taonis
1368 2163 1433 2228 viso
1460 2165 1639 2239 narrantur,

16 2253 19 2292 ³
87 2263 125 2328 ab
151 2265 396 2351 interpolatore
423 2268 552 2334 insama
578 2268 655 2344 sint;
681 2291 755 2334 nam
782 2275 815 2334 et
842 2271 956 2336 desunt
983 2270 1016 2334 in
1044 2268 1226 2335 Strorziano
1253 2274 1285 2332 et
1312 2269 1501 2334 antecedunt
1528 2267 1638 2334 verba:

87 2380 325 2439 consenserant
350 2374 468 2455 famati
494 2395 563 2440 01111
591 2377 713 2455 neatis,
742 2380 777 2440 at
800 2397 870 2440 earn
890 2377 1115 2458 1010110ον011,
1145 2383 1293 2441 secuntur
1320 2374 1387 2440 fere
1416 2376 1524 2440 eadem
1548 2393 1638 2455 qaam

19 2533 20 2544 .
90 2498 156 2542 error
178 2481 310 2562 famuli
333 2485 361 2546 et
384 2487 503 2547 nautae
525 2482 637 2548 velient
659 2484 848 2564 interficere,
873 2483 919 2548 ita
942 2489 978 2548 ut
1000 2483 1207 2568 interpolator
1230 2481 1325 2548 simili
1348 2482 1440 2548 modo
1463 2481 1516 2546 hic
1537 2481 1637 2564 egisse

19 2616 20 2628 .
89 2583 240 2652 rideatur
271 2594 368 2672 atque
396 2589 429 2652 in
456 2587 663 2654 Phaethontis
691 2590 807 2654 labala.
840 2611 1031 2674 quamquam
1058 2588 1191 2656 fortasse
1218 2596 1323 2666 erunt,
1351 2589 1404 2672 qui
1428 2587 1569 2654 Serrium
1596 2586 1637 2652 ad

90 2691 195 2777 Eelog.
221 2694 307 2760 VIII
331 2695 374 2759 55
402 2695 451 2760 his
474 2695 579 2762 verbis
606 2698 798 2780 patrocinari
826 2699 1000 2782 opinentur.
1033 2698 1168 2783 denique
1195 2696 1508 2762 animadvertendum
1535 2694 1637 2758 estin

90 2796 307 2882 Theophanes
328 2801 463 2866 historia
490 2803 630 2888 ineptum
657 2803 735 2868 illud
763 2804 803 2870 de
826 2805 928 2888 procis
952 2806 983 2868 in
1006 2803 1097 2886 lupos
1120 2805 1216 2870 versis
1240 2807 1449 2869 commentum
1476 2799 1637 2866 1081101-

92 2905 180 2970 11000
211 2907 341 2983 deesse;
368 2911 424 2974 sed
447 2912 568 2976 cautius
591 2910 746 2994 agendum
775 2917 835 2989 est,
862 2932 931 2976 cum
955 2910 1207 2976 Stronzianoram
1234 2915 1395 2983 auctorem
1417 2909 1499 2974 hanc
1520 2905 1636 2991 Hygini

92 3015 315 3080 narrationem
337 3037 400 3080 non
423 3021 522 3081 totam
545 3018 744 3100 exscripsisse
766 3018 816 3084 vel
839 3039 876 3082 ex
899 3019 1118 3102 prioreparte
1142 3017 1271 3083 eluceat.

179 3119 248 3187 Sed
278 3143 340 3188 non
367 3121 466 3188 solnm
493 3129 578 3190 totas
600 3125 796 3190 narrationes
823 3123 1074 3191 Stroazianorum
1100 3131 1211 3190 auctor
1237 3145 1276 3189 ex
1298 3121 1416 3206 Hygini
1443 3119 1558 3186 fabulis
1581 3121 1636 3185 de-

20 3315 21 3321 *
94 3230 260 3312 prompsit,
283 3228 338 3293 scd
362 3231 458 3294 etiam
481 3231 605 3314 singula
626 3231 723 3296 verba
741 3232 815 3298 inde
834 3232 982 3315 decerpta
999 3232 1051 3297 hic
1069 3237 1102 3297 et
1120 3231 1185 3296 illic
1202 3229 1391 3295 scholiorum
1409 3228 1635 3294 Basileensium

20 3342 27 3407 ζ
94 3339 123 3398 01
150 3334 472 3420 Sangermanensium
504 3338 608 3403 uerbis
639 3337 815 3404 admiscuit.
846 3339 932 3404 velut
963 3361 993 3423 p.
1024 3339 1100 3415 154,
1126 3340 1142 3403 1
1176 3337 1255 3402 haec
1286 3335 1384 3401 habet
1415 3332 1451 3399 S:
1483 3333 1635 3416 Neritias

22 3476 27 3487 -
96 3438 299 3522 hydrochooa
330 3446 393 3510 sive
425 3446 598 3524 equanam
629 3447 789 3510 cantitent
820 3467 884 3510 esse
914 3444 1142 3510 Deucalionem
1176 3442 1376 3519 Thessalam,
1409 3442 1466 3522 qai
1496 3440 1634 3506 mammo

23 3596 24 3604 .
98 3549 291 3632 cataclysmo
313 3549 416 3632 sertor
438 3551 567 3616 relictas
589 3573 659 3616 arnt
681 3573 779 3616 creare
803 3552 930 3636 Pyrrho
953 3555 993 3617 ia
1014 3557 1134 3616 monte
1156 3551 1296 3626 Aetna,
1321 3549 1386 3631 qai
1408 3551 1461 3613 est
1483 3547 1634 3612 attissi-

100 3673 173 3719 mus
195 3658 238 3720 ta
262 3657 410 3722 Sicilie.
444 3659 556 3723 ultima
579 3658 674 3724 verba
697 3660 730 3722 in
753 3660 995 3736 Basileensibus,
1018 3659 1101 3724 unde
1123 3656 1244 3741 Nigidii
1266 3656 1407 3720 narratio
1430 3658 1555 3738 sumpta
1577 3657 1634 3729 est,

23 3759 25 3848 ’χ
99 3779 159 3825 nou
186 3769 312 3841 extaut;
336 3764 474 3828 absurda
501 3771 586 3843 sunt,
614 3788 684 3830 oum
706 3767 812 3850 paullo
843 3772 917 3832 ante
945 3767 1116 3831 Deucalion
1139 3764 1305 3830 Thessalus
1332 3761 1429 3827 faisse
1456 3761 1560 3826 dictus
1583 3759 1632 3824 sit.

21 3884 29 4053 l

101 3865 285 3954 deprompta
307 3876 414 3936 autern
437 3877 510 3936 sunt
533 3893 571 3938 ex
593 3873 710 3957 Hygini
732 3873 842 3939 sabula
867 3873 929 3937 152
951 3897 981 3958 p.
1007 3874 1120 3951 26,19
1145 3871 1297 3938 Schmidt

185 3975 368 4061 Speluncae,
391 4000 485 4062 quam
508 3979 558 4044 lec
580 3979 753 4046 Nemeaeus
774 3980 935 4046 habitasse
958 3980 1071 4058 fertur,
1093 4001 1207 4045 nomen
1230 3978 1295 4043 sive
1319 3973 1549 4060 Amphidymon
1572 3972 1633 4040 fuit

21 4101 22 4105 ¹
102 4080 171 4159 sive,
194 4089 231 4149 ut
253 4085 324 4152 aliis
346 4085 474 4169 placuit,
497 4086 729 4169 Amphitreton,
751 4088 784 4154 in
807 4088 896 4153 libris
919 4109 1014 4152 manu
1037 4087 1163 4170 scriptis
1180 4085 1246 4151 fere
1264 4105 1387 4168 semper
1405 4082 1631 4165 corrumpitur3

21 4247 22 4252 ,
104 4185 301 4273 Mihidpmon
330 4199 461 4269 1000101
489 4194 521 4257 in
549 4192 601 4257 BP
628 4216 657 4278 p.
682 4195 733 4272 72,
756 4193 791 4272 5,
822 4195 906 4260 unde
938 4195 971 4260 in
999 4193 1180 4260 Stroaziano
1211 4216 1241 4278 p.
1271 4193 1343 4268 131,
1368 4191 1407 4255 11
1441 4188 1633 4270 naamon

104 4290 215 4361 factam
240 4301 300 4372 est3
324 4300 378 4363 sed
401 4299 435 4363 in
458 4300 567 4366 eodem
590 4299 672 4366 libro
691 4303 800 4366 statim
817 4302 1013 4385 adiungitur:
1036 4301 1284 4383 quampridem
1300 4297 1493 4379 Amphpriao
1512 4295 1631 4362 cauae

105 4403 387 4577 ZipupriipoHygini
411 4406 519 4472 fabula
541 4408 584 4472 30
606 4429 636 4491 p.
660 4409 712 4485 64,
731 4409 751 4472 2
780 4408 961 4496 (Schmidt.)
985 4408 1194 4493 Frisingensis
1217 4407 1344 4492 Micyllo
1371 4411 1453 4471 teste
1479 4401 1632 4468 habebat=

158 4531 324 4684 pPermire
355 4641 385 4702 p.
411 4620 531 4696 149,4
559 4626 706 4686 narratur
737 4621 865 4687 Pliadas
897 4622 1039 4706 [lycurgi
1069 4621 1158 4703 (ilias
1190 4642 1230 4686 ea·
1255 4620 1351 4685 Nono
1378 4617 1487 4683 insula
1519 4615 1630 4693 fuisse,

107 4719 179 4787 nihil
199 4723 310 4790 horum
333 4726 366 4790 in
389 4727 576 4805 Basileensi,
598 4727 678 4793 nihil
699 4727 786 4812 apud
808 4729 1032 4812 Pherecydem,
1055 4731 1109 4814 qni
1132 4730 1249 4814 primus
1268 4728 1419 4793 historiae
1442 4731 1551 4790 auctor
1574 4728 1630 4788 est

107 4844 186 4893 error
215 4839 307 4898 natus
339 4853 378 4898 ex
405 4833 522 4917 Hygini
553 4833 615 4900 fab.
645 4835 708 4900 192
736 4857 764 4919 p.
790 4836 868 4914 123,
886 4838 953 4914 20,
986 4835 1039 4902 ubi
1071 4837 1104 4900 in
1131 4835 1323 4918 Frisingensi
1355 4833 1433 4898 haec
1464 4830 1629 4896 extabant:

18 4975 21 5029 5
108 4937 172 4998 llll
192 4939 248 5018 dai
268 4941 445 5004 0111111001
466 4941 537 5008 ideo
555 4943 614 5006 hos
631 4943 667 5005 ia
685 4941 850 5020 sideribus,
874 4945 960 5024 qaod
977 4943 1098 5024 fuerint
1115 4943 1253 5007 00111101
1271 4940 1380 5007 lauert
1391 4941 1510 5021 para,
1535 4955 1629 5018 qaas
