3906 5800
302 406 400 458 Senon.
421 405 513 458 Genu.
533 404 564 458 G.

347 2417 374 2469 p.
395 2401 454 2466 159,
474 2401 514 2454 13.

150 2509 255 2574 Habet
277 2514 383 2572 autem
405 2507 511 2572 stellae
533 2505 687 2590 incapite
706 2505 748 2583 Il,
770 2507 802 2570 in

14 2624 17 2673 :
69 2623 99 2676 ΙΙ)
108 2637 182 2679 arou
191 2614 232 2692 Π,
246 2617 278 2680 in
293 2614 435 2682 acumine
450 2605 583 2697 sagittae
592 2613 632 2689 11,
648 2614 680 2676 in
691 2613 803 2678 dextro

108 2721 212 2788 cubito
235 2723 260 2799 1,
287 2723 320 2786 in
344 2721 452 2786 eadem
475 2741 570 2784 manu
592 2718 617 2797 1,
640 2721 673 2784 iu
695 2725 803 2784 ventre

109 2829 224 2893 claram
242 2829 266 2905 Ι,
289 2829 322 2892 in
341 2828 432 2911 spina
449 2826 490 2906 II,
513 2827 570 2892 sub
590 2829 690 2892 cauda
707 2827 748 2904 11,
771 2828 803 2891 iu
832 2808 836 2816 ⁵

108 2935 316 3000 anterioribus
351 2933 485 3017 genibus
520 2934 667 3017 singulas.
730 2941 804 2998 sunt

108 3062 212 3106 ornnes
235 3042 301 3108 XV.

74 3155 100 3208 25
151 3147 247 3232 (quoe
283 3153 439 3226 seeuutur,
474 3171 512 3213 ee
544 3147 610 3212 BP
647 3147 804 3228 descripte

15 3331 16 3348 ἵ
109 3274 169 3318 csse
189 3255 362 3341 videntur.)

13 4316 20 4471 i

12 4531 19 4742 l

12 4775 14 4818 1,
78 4757 100 4810 in
116 4763 213 4831 poplite
231 4766 244 4818 Ι
263 4766 339 4832 lein-i,-
357 4765 481 4832 quodni
497 4765 584 4831 salter
601 4767 732 4834 qloseeeua
750 4773 795 4820 eet.

12 4859 14 4940 ῐ
78 4863 105 4900 ee
123 4851 175 4906 uio
196 4853 273 4919 sonte
294 4854 375 4908 babet
396 4853 539 4924 quiuus,
564 4855 614 4921 qui
636 4855 718 4908 etiem
736 4855 827 4910 1127
845 4857 918 4908 boue
941 4871 1072 4909 cormeum
1095 4859 1298 4910 commemoret:
1325 4861 1390 4908 ante
1412 4853 1493 4908 huius
1517 4852 1601 4922 pedes

79 4939 162 4995 stellae
180 4951 241 4997 aunt
259 4959 365 5013 paucae
385 4951 412 4997 et
431 4943 459 4996 in
478 4944 593 4998 rotundo
611 4937 799 5010 deformatac‚'
810 4960 890 5014 quam
910 4960 1036 4998 coronam
1056 4944 1115 4999 eiua
1134 4951 1163 4998 ut
1182 4943 1302 4999 ludentis
1321 4943 1458 4998 abiectum
1478 4941 1601 4997 nonnulli

80 5024 197 5086 dixerunt.
234 5037 328 5101 aperte
347 5033 455 5087 eaedem
472 5032 574 5101 atellae,
594 5033 693 5101 qulbus
710 5033 906 5088 Eratosthenes
924 5033 1005 5088 naue
1022 5033 1144 5104 ficorum
1162 5033 1264 5086 lubuit.

107 3873 174 3930 Dedi
191 3893 224 3930 ex
243 3877 271 3932 S.
290 3895 340 3931 om.
363 3877 394 3931 G.

105 3981 128 4018 ee
141 3967 188 4019 sub
202 3966 290 4021 caude
305 3968 331 4020 ΙΙ
346 3966 456 4021 debebat
470 3968 520 4022 sub
535 3967 622 4022 cauda
636 3969 656 4021 1.
698 3985 723 4022 2³
740 3973 804 4036 poet

76 4051 185 4121 singulae
203 4056 318 4110 eccidit:
337 4054 365 4109 in
384 4057 454 4124 pede
475 4057 493 4109 Ι.

1099 405 1229 458 Hrornca
1248 405 1283 468 ΙΙ,
1302 407 1344 458 ⁴27.
1529 407 1591 470 153

853 584 986 666 sagittas
1000 582 1189 660 adiunxisse,
1206 590 1243 649 ut
1257 604 1295 648 ex
1308 582 1358 648 his
1372 589 1405 648 ct
1417 605 1548 649 acumen

854 697 886 755 et
903 690 1048 756 celeritas
1067 689 1134 754 eiua
1151 690 1325 767 rideretur;
1349 691 1481 758 caudam
1499 713 1548 756 su

852 799 985 884 lyricam
1012 799 1046 862 in
1073 818 1203 882 corpore
1230 795 1347 874 fixisse,
1375 798 1459 882 quod
1486 797 1549 864 iem

852 927 916 970 non
938 905 1041 970 minua
1063 905 1124 971 boc
1142 903 1260 982 Musae,
1283 926 1377 990 quem
1394 904 1489 970 Liber
1507 905 1550 970 eit

853 1012 1035 1080 delectatus.

1177 2401 1211 2466 IL
1226 2401 1272 2455 26.

900 2508 1006 2574 Habet
1027 2515 1133 2574 autem
1156 2510 1188 2572 in
1207 2508 1310 2592 eapite
1328 2507 1436 2572 stellae
1455 2507 1495 2584 Il,
1518 2509 1551 2572 iu

855 2614 1044 2691 cucullio
1067 2615 1183 2698 sagitta
1201 2615 1241 2690 ll,
1265 2617 1297 2678 in
1315 2615 1426 2680 dextro
1444 2613 1551 2678 cubito
1561 2622 1596 2676 20

856 2723 893 2799 Ι,
911 2723 945 2793 in
971 2743 1066 2786 manu
1093 2722 1197 2804 priore
1220 2721 1248 2797 1,
1275 2723 1308 2785 in
1332 2725 1441 2786 ventre
1463 2720 1492 2798 1,
1519 2721 1551 2784 in

856 2829 1070 2912 interscapilio
1093 2828 1139 2905 ΙΙ,
1161 2827 1194 2892 in
1218 2829 1318 2893 cauda
1340 2828 1369 2905 Ι,
1392 2829 1425 2893 in
1447 2829 1552 2911 priore

856 2957 938 3020 genu
956 2935 981 3012 1,
1004 2936 1036 2998 in
1059 2936 1139 3018 pedo
1157 2935 1182 3012 l,
1205 2936 1238 3000 in
1260 2934 1407 3001 inferiore
1426 2955 1508 3018 genu
1528 2934 1551 2998 1.

856 3042 982 3106 omnino
1009 3041 1075 3106 XV.
1121 3062 1238 3107 corono
1266 3047 1370 3106 cutem
1400 3039 1552 3106 Centauri

856 3155 900 3214 est
923 3149 1087 3214 stellarum
1118 3148 1192 3214 VII.
1560 3155 1596 3209 25

892 3895 904 3932 e
924 3877 982 3933 eius
1002 3876 1041 3932 G:
1060 3893 1120 3932 ease
1139 3877 1167 3930 D
1187 3877 1298 3944 alticue.
1374 3875 1460 3932 aium
1479 3875 1516 3930 D.
1536 3875 1597 3930 icon

856 3967 891 4021 R.
928 3984 978 4021 om.
1008 3967 1096 4020 ceteri.
1133 3967 1214 4020 Croto
1241 3965 1410 4020 Buree'ouuo.
1497 3983 1510 4020 e
1536 3971 1599 4032 poet

857 4055 953 4110 hiber:
977 4055 1076 4124 satyria
1095 4055 1165 4108 libri.
1204 4054 1290 4108 deletu
1308 4055 1430 4122 ineptum
1448 4054 1597 4121 interpole-

857 4145 964 4198 tiouem,
991 4144 1123 4197 nimirum
1142 4143 1282 4198 Socitbeue
1299 4159 1358 4197 nou
1376 4148 1598 4211 coaetaneum,

857 4233 956 4300 quobus
966 4232 1067 4286 Musae
1073 4239 1211 4300 praesecet
1217 4249 1330 4300 poeseos
1338 4249 1448 4302 qeuera,
1459 4231 1507 4285 sed
1516 4231 1599 4284 etiem

856 4321 1029 4390 treqeediem
1042 4323 1059 4374 ι’.
1070 4339 1092 4374 e.
1107 4321 1238 4374 labeum
1249 4321 1356 4388 quoresu
1370 4320 1500 4375 delectori
1514 4319 1600 4386 dixin

860 4409 955 4476 itaque
979 4409 1090 4463 Oretum
1118 4410 1174 4462 eine
1197 4409 1334 4464 Plausum
1362 4409 1446 4464 tbiaee'
1467 4408 1601 4462 Bocclu'oe'

856 4497 964 4567 luetone
981 4515 1081 4567 cerere.

891 4585 950 4642 eoin
960 4586 1460 4656 ugitulleeupri:insegitullurt.
1501 4586 1599 4642 arcein

856 4674 1044 4744 interscapilio
1055 4707 1086 4714 —
1102 4693 1127 4732 re
1142 4675 1171 4729 in
1185 4677 1256 4745 pede
1271 4677 1283 4729 Ι
1298 4693 1348 4729 our.
1360 4677 1388 4730 V.
1422 4681 1567 4744 postgenu
1577 4675 1600 4728 1:

887 4781 913 4820 ru
931 4765 982 4820 XV
997 4764 1040 4819 D.-
1059 4765 1123 4820 xvl
1139 4764 1200 4820 GV.
1221 4780 1321 4819 corone
1334 4795 1369 4805 —-
1383 4764 1524 4819 stellarum
1539 4763 1599 4818 Vll.
