3908 5802
354 437 394 504 14

348 617 480 704 exempli
504 617 607 704 gratia
629 613 805 686 avoidatov
825 619 874 686 vel
899 613 1012 698 idaea
1035 641 1105 686 eum
1127 625 1243 699 autem,
1265 621 1319 706 qui
1338 621 1430 688 huius
1448 624 1638 692 narrationis
1656 633 1889 712 argumentum

347 729 484 812 pedestri
512 727 653 794 oratione
680 727 880 812 exprimeret,
907 750 978 794 oum
1005 728 1044 794 do
1066 727 1210 794 vocabuli
1237 729 1320 795 illius
1344 729 1374 795 vi
1397 751 1434 797 aa
1455 731 1682 816 significatione
1705 735 1889 814 dubitaret

347 836 521 921 complures
543 835 766 918 explicationes
788 836 939 902 attulisse.

435 943 588 1027 Longiere
616 941 676 1008 hac
702 943 893 1026 digressione
918 942 950 1006 id
978 947 1063 1008 certe
1086 943 1233 1008 evicimus
1265 965 1303 1010 ex
1325 944 1441 1029 Hygini
1465 945 1645 1031 Astrologia
1671 951 1888 1034 interpretem

347 1050 525 1118 Germanici
550 1049 631 1116 hano
653 1045 792 1116 fabulam
814 1050 900 1116 nullo
923 1050 1015 1116 modo
1039 1071 1160 1116 sumere
1182 1051 1330 1134 potuisse.
1375 1051 1458 1118 idem
1483 1055 1514 1119 in
1537 1062 1657 1121 ceteras
1678 1077 1756 1140 quas
1781 1079 1888 1142 supra

346 1160 452 1224 notavi
475 1158 670 1224 narrationes
691 1159 812 1235 cadere,
834 1157 997 1242 utriusque
1020 1156 1181 1242 scriptoris
1200 1157 1302 1222 verbis
1321 1159 1404 1224 inter
1422 1181 1455 1225 se
1474 1162 1605 1228 conatis
1623 1185 1887 1250 unumquemque

345 1266 577 1332 intellecturum
599 1287 666 1332 esso
688 1286 792 1350 sper03
816 1266 922 1351 itaque
945 1265 998 1330 hio
1019 1265 1157 1348 singulas
1179 1267 1323 1352 persequi
1346 1269 1550 1352 supersedere
1572 1291 1705 1353 possum.
1746 1273 1886 1336 omnino

345 1373 422 1440 haec
448 1373 567 1439 scholia
592 1394 687 1438 unam
713 1377 836 1440 tautum
862 1372 1075 1438 narrationem
1102 1370 1264 1450 exhibent,
1291 1394 1371 1456 quas
1399 1396 1469 1440 cum
1495 1377 1611 1460 Hygini
1635 1378 1817 1460 Astrologia
1849 1379 1885 1442 in

344 1480 447 1546 verbis
474 1503 597 1565 queque
624 1481 855 1548 accuratissime
882 1480 1064 1546 consentiat
1116 1485 1164 1544 est
1190 1501 1228 1546 ea
1255 1481 1294 1546 do
1321 1481 1441 1564 Lepore
1467 1505 1497 1565 p.
1521 1482 1577 1560 95,
1607 1485 1759 1562 19-97,
1787 1485 1807 1549 8
1836 1515 1885 1542 =

344 1587 457 1672 Hygin.
481 1587 513 1653 ΙΙ
536 1587 587 1654 33.
628 1588 683 1654 sed
706 1588 787 1654 hano
809 1588 983 1672 posteriore
1005 1589 1132 1654 demum
1154 1592 1259 1652 aetate
1282 1609 1320 1652 ex
1334 1589 1466 1673 Hygino
1490 1591 1712 1674 interpolatam
1735 1614 1803 1657 esse
1830 1594 1884 1656 iu-

343 1695 434 1761 rictis
456 1698 649 1780 argumentis
672 1697 809 1762 ostendit
831 1694 1002 1762 Bursianus
1021 1694 1145 1781 (Jahrb.
1169 1695 1189 1759 f.
1213 1695 1301 1760 class.
1319 1694 1431 1762 Philol.
1454 1696 1537 1762 1866
1560 1721 1589 1780 p.
1611 1699 1672 1762 766
1698 1697 1787 1763 Anm.
1811 1700 1884 1784 13).

431 1805 497 1870 Iam
520 1804 618 1888 igitur
640 1803 809 1888 quaeritur,
832 1809 937 1868 utrum
958 1809 1084 1887 praeter
1103 1801 1343 1870 Catasterismos
1361 1803 1459 1868 alium
1476 1826 1601 1888 quoque
1620 1803 1736 1870 librum
1753 1806 1883 1890 pariter

342 1916 475 1994 uterque
501 1909 682 1977 adhibuerit
708 1931 749 1978 an
775 1930 978 1995 quaecunque
1004 1911 1087 1974 inter
1114 1931 1147 1974 sc
1170 1910 1345 1976 communia
1366 1910 1497 1987 hahent,
1524 1933 1562 1976 ea
1584 1911 1689 1980 omnia
1711 1913 1752 1978 ad
1776 1913 1881 1978 Cata-

343 2018 503 2084 sterismos
528 2017 692 2085 referenda
718 2020 789 2084 siut
835 2024 868 2083 at
895 2022 1020 2103 praeter
1044 2015 1255 2082 Aristomachi
1283 2018 1495 2082 narrationem
1523 2025 1628 2084 cetera
1656 2021 1761 2084 omnia
1788 2022 1881 2104 apud

342 2129 509 2208 utrumque
527 2126 659 2192 eundem
677 2127 710 2191 in
728 2126 856 2193 modum
874 2123 1167 2190 Gatasterismorum
1184 2123 1327 2188 frustulis
1346 2125 1595 2208 interponuntur.
1623 2127 1786 2192 considera
1806 2148 1834 2190 v.
1853 2150 1879 2192 c

343 2253 393 2310 ea,
415 2253 496 2319 quae
519 2256 556 2299 ex
579 2231 735 2317 Amphide
757 2236 928 2298 narentur
950 2230 1008 2319 (I):
1036 2230 1153 2298 eisdem
1177 2230 1469 2298 Catasterismorum
1492 2231 1675 2316 fragmentis
1697 2234 1775 2300 haee
1799 2257 1878 2300 nutr-

342 2340 424 2406 ratio
451 2341 536 2424 apud
562 2345 730 2423 utrumque
756 2341 861 2406 cineta
887 2343 942 2404 est.
987 2338 1047 2404 hoe
1070 2359 1144 2404 casu
1167 2338 1284 2404 lactum
1307 2360 1373 2404 esse
1395 2339 1481 2404 nullo
1505 2339 1597 2406 modo
1620 2346 1731 2422 potest.
1777 2363 1879 2424 porro

341 2444 525 2530 Panyasidis
548 2450 687 2538 parratio
706 2447 782 2534 (ΙΙΙ)
801 2449 834 2510 in
853 2445 1046 2512 Gonieularii
1069 2445 1276 2529 explicatione
1300 2447 1351 2509 vix
1370 2445 1608 2530 deessepotest,
1631 2453 1666 2512 ut
1685 2469 1753 2512 eam
1772 2469 1879 2530 quou-

342 2552 415 2618 dam
436 2553 470 2618 in
488 2553 719 2622 Catasterismis
743 2553 899 2621 exstitisse
921 2573 1020 2637 paene
1044 2552 1252 2618 necessarium
1275 2553 1324 2616 sit.
1371 2574 1445 2618 uum
1467 2552 1555 2619 credi
1578 2559 1682 2636 potest
1705 2559 1878 2638 utrumque

298 2651 301 2656 ’
341 2660 526 2744 scriptorem
553 2662 686 2729 duorum
712 2683 840 2746 operum
866 2659 1002 2726 frustula
1028 2681 1156 2744 prorsus
1180 2661 1289 2724 eodem
1312 2659 1405 2724 modo
1427 2659 1637 2743 disposuisse?
1682 2660 1877 2728 Catasteris-

341 2756 462 2833 morurh
483 2767 610 2836 lacuum
632 2769 750 2836 eisdem
771 2767 1005 2836 narrationibus
1024 2766 1213 2852 explevisse?
1250 2787 1350 2850 neque
1369 2768 1454 2832 onim
1471 2769 1500 2832 ei
1519 2767 1650 2832 multum
1670 2767 1877 2834 tribuendum

341 2880 402 2952 est,
425 2876 509 2959 quod
532 2875 740 2942 Aristomachi
763 2875 904 2942 tabulam
927 2873 1017 2961 (Vll)
1040 2873 1182 2959 Hyginus
1204 2872 1267 2938 alio
1290 2873 1358 2938 loeo
1382 2873 1502 2957 profert
1525 2897 1563 2940 ac
1585 2873 1768 2940 scholiastes
1792 2875 1877 2940 Gor-

341 2981 463 3046 manici.
509 3004 581 3048 nam
607 2984 640 3048 in
666 2983 726 3048 hoo
753 2983 869 3066 capite,
896 2983 979 3067 quod
1008 2986 1056 3047 est
1083 2981 1123 3047 de
1150 2980 1280 3058 Orione,
1307 2981 1466 3064 Hyginum
1493 2981 1662 3064 genuinum
1685 2980 1875 3047 Catasteris-

340 3111 461 3157 morum
493 3091 632 3156 ordinem
665 3091 839 3158 deseruisse
866 3090 915 3155 vel
942 3088 1103 3173 Epitomes
1135 3086 1327 3172 comparatio
1360 3088 1459 3153 decet.
1509 3087 1559 3154 his
1586 3088 1682 3172 igitur
1709 3083 1899 3172 perpensis

340 3196 445 3262 omnia
472 3218 509 3262 ea
535 3219 616 3281 qnae
638 3198 762 3283 Hygino
785 3219 856 3262 eum
878 3197 1049 3279 interprete
1073 3195 1251 3260 Germanici
1274 3196 1450 3259 cominunia
1473 3195 1608 3260 suntad
1632 3193 1875 3261 Catastorismos

340 3303 417 3368 satis
439 3302 632 3370 confidenter
654 3302 764 3372 refero.
810 3306 917 3387 itaque
939 3303 1092 3368 accedunt
1115 3300 1408 3366 Catasterismormn
1431 3301 1571 3386 reliquiis
1595 3308 1665 3367 ecte
1689 3302 1769 3380 illae,
1792 3325 1875 3386 quas

340 3431 434 3494 supra
461 3409 646 3495 significavi,
672 3412 877 3478 narrationes
922 3432 961 3476 ox
987 3409 1032 3474 eis
1060 3413 1165 3473 tamen
1193 3429 1230 3474 ea
1253 3427 1333 3492 quae
1356 3409 1397 3472 ad
1420 3408 1560 3473 Arietem
1583 3412 1704 3492 spectat
1727 3408 1800 3494 (IV)
1826 3411 1876 3476 ita

339 3525 520 3602 comparata
542 3524 603 3596 ert,
626 3523 661 3584 ut
682 3516 912 3585 dubitationem
933 3537 1058 3582 movero
1079 3517 1186 3599 possit.
1232 3535 1329 3598 quare
1352 3515 1392 3580 do
1415 3536 1453 3580 ea
1475 3516 1581 3599 paullo
1605 3516 1779 3580 sarmatius
1803 3517 1873 3584 dis-

361 3629 437 3690 utan
461 3647 514 3690 um

339 3647 360 3708 p
429 3624 514 3798 Haeo
536 3633 634 3816 igsittnr
656 3732 757 3799 Schol.
782 3732 884 3798 Germ.
908 3754 937 3814 p.
961 3731 1017 3807 80,
1039 3730 1074 3794 4:
1102 3728 1257 3795 Pbriaam
1281 3734 1384 3794 uatem
1402 3731 1564 3810 perlatam
1591 3727 1719 3794 Colchos
1742 3729 1875 3795 arietem

341 3839 514 3904 tremolossc
530 3839 705 3923 pellemque
727 3840 794 3904 aias
818 3859 949 3902 aarecrar
967 3836 1039 3901 Iooi
1061 3856 1220 3914 saaassc5
1242 3836 1312 3900 idco
1335 3856 1404 3900 eata
1421 3835 1546 3916 pallere
1569 3837 1616 3898 uit
1635 3836 1873 3917 Eratosthenes,

340 3947 425 4028 qaod
452 3946 591 4027 deposito
618 3946 729 4012 vellere
756 3965 851 4010 aureo
878 3945 914 4008 ia
940 3943 1061 4008 caelata
1088 3943 1129 4008 sit
1151 3947 1298 4023 receptas.
1344 3947 1455 4008 eontra
1476 3942 1618 4026 Hyginus
1641 3943 1720 4006 duas
1743 3942 1875 4010 fabulae

339 4052 456 4118 formas
478 4052 598 4136 profert
621 4053 652 4117 ll
675 4053 718 4118 20
739 4055 904 4132 praetaea
927 4049 1083 4115 Piericam
1105 4049 1288 4115 incolumem
1311 4045 1355 4114 ad
1377 4050 1507 4115 Aeetam
1525 4049 1716 4130 paverissc,
1741 4049 1874 4114 arietem

338 4158 410 4223 lovi
436 4159 625 4238 imraolassc,
648 4158 764 4240 pellem
790 4159 825 4221 ia
851 4158 964 4238 tanplo
991 4158 1110 4238 finisse,
1139 4162 1168 4220 et
1196 4157 1307 4220 arietis
1328 4157 1431 4236 ipsias
1453 4156 1589 4239 effipiam
1612 4156 1652 4220 ab
1674 4156 1765 4221 Naba
1787 4157 1875 4221 inter

338 4265 446 4331 sidera
464 4266 665 4331 constitutam
682 4264 793 4330 babere
810 4268 931 4344 terapas
949 4265 1038 4343 carri,
1060 4284 1121 4346 qao
1139 4262 1332 4343 frameatam
1349 4264 1466 4328 seritar
1483 4263 1562 4341 ideo,
1584 4262 1668 4346 qaod
1682 4261 1743 4325 Iao
1757 4265 1872 4328 tostam

338 4374 449 4437 saecat
477 4371 613 4460 aaran)
646 4392 728 4454 qaae
754 4372 890 4436 araaiarc
915 4369 1012 4452 sapae
1038 4369 1102 4450 fait
1130 4389 1236 4434 caasa.
1287 4369 1512 4434 Eratosthenes
1538 4369 1586 4434 ait
1613 4370 1740 4434 arietm
1766 4371 1873 4449 ipsam

338 4478 398 4544 sibi
415 4478 530 4560 polleat
552 4498 684 4544 caream
707 4477 880 4542 detraxisse
902 4481 931 4543 et
953 4475 1075 4541 Platae
1098 4477 1264 4542 rasaroriae
1287 4497 1384 4542 caasa
1409 4477 1541 4554 dedisse,
1570 4477 1674 4558 ipsam
1698 4475 1741 4539 ud
1764 4475 1873 4541 sidera

337 4587 520 4666 peruenisse,
545 4605 654 4667 quare,
679 4589 714 4648 at
736 4605 837 4664 supra
860 4585 1007 4662 dicimus,
1029 4585 1193 4690 obscurius
1214 4585 1369 4648 areatas.
1408 4583 1508 4648 altera
1527 4584 1624 4667 igitur
1643 4584 1742 4648 forma
1761 4585 1872 4650 eadem

339 4698 399 4770 est,
426 4714 521 4777 quam
549 4692 580 4756 in
607 4691 735 4756 scholiis
758 4691 936 4756 Germanioi
963 4691 1149 4767 invenimus,
1176 4711 1239 4774 qua
1262 4690 1413 4754 Phrixum
1440 4691 1533 4755 arieti
1560 4690 1675 4772 pellem
1697 4689 1874 4756 detraxisse

339 4799 520 4882 exponitur3
545 4797 678 4863 alteram
700 4803 819 4874 autem,
843 4818 905 4879 qua
927 4798 1057 4862 arietem
1080 4799 1182 4880 ipsum
1205 4817 1238 4862 se
1260 4797 1341 4882 pelle
1364 4799 1485 4862 exuisse
1509 4803 1664 4872 narratur,
1686 4795 1770 4879 apud
1793 4797 1872 4862 Era-

427 5027 462 5096 ¹¹)
480 5027 522 5084 De
542 5027 625 5082 variis
644 5028 807 5084 lectionibus
827 5027 921 5083 confer
940 5027 1194 5082 Catasterismorum
1215 5029 1380 5096 Fragmenta
1400 5027 1474 5082 XIX.
