3908 5802
1569 469 1611 536 13

71 673 263 720 concessum
295 657 350 718 est.
400 651 521 717 accedit
551 655 655 717 autem
682 649 841 716 Eudooiae
871 651 1097 729 testimonium,
1129 653 1168 718 do
1196 674 1258 737 qua
1284 651 1390 738 paullo
1416 657 1488 736 post
1515 651 1610 718 rerba

71 760 210 834 faciam
233 761 311 827 dicit
332 761 416 826 enim
437 784 466 845 p.
490 760 554 826 339
579 749 662 826 ἑπτὰ
686 757 721 825 dt
745 750 799 825 διὰ
821 750 861 824 τὸ
883 761 1020 838 πλείους
1041 755 1125 826 εἶναι
1148 767 1219 826 τῶν
1236 759 1344 826 πέντε.
1386 783 1520 845 quocum
1536 783 1610 828 con·

72 870 243 947 sentitis,
266 871 321 954 qui
344 869 460 954 Hygini
482 869 604 934 tabulas
628 868 882 955 interpolarit¹⁸)
907 869 971 934 192
992 891 1021 952 p.
1047 869 1119 946 123,
1141 868 1162 933 b
1186 869 1328 935 Schmidt
1351 873 1379 934 et
1402 869 1481 953 qaia
1497 868 1610 950 plures

72 981 189 1056 eraut,
218 977 350 1042 Pliades
377 977 487 1043 dictae.
537 975 600 1041 iam
627 977 723 1060 igitur
749 975 782 1040 in
809 997 860 1053 ec,
887 996 948 1061 quo
974 977 1116 1060 Hyginus
1143 967 1292 1042 utebatur
1319 978 1459 1063 exemplo
1483 1017 1524 1028 -
1548 998 1610 1043 non

70 1085 205 1150 Musaei
230 1091 322 1162 certe,
345 1085 400 1151 ssd
422 1084 643 1168 mythographi
666 1083 796 1150 alicuius
818 1083 867 1148 vel
889 1084 1047 1168 astrologi,
1070 1105 1162 1169 quem
1184 1084 1287 1150 adhuc
1310 1086 1488 1168 ignoramus
1512 1123 1553 1134 —
1577 1087 1609 1149 in

69 1193 138 1259 illo
162 1193 261 1276 igitur
281 1193 423 1276 exemplo
443 1177 492 1258 lit
509 1213 655 1258 numerus
678 1192 709 1257 iu
731 1172 781 1258 Ill
796 1197 959 1275 corruptus
977 1193 1106 1278 erat.¹⁹)
1145 1213 1243 1276 quare
1260 1193 1314 1258 ille
1333 1193 1482 1259 traditam
1501 1213 1610 1258 narra

68 1303 203 1367 tionem
233 1301 280 1366 ita
309 1301 475 1367 immutare
502 1301 636 1377 studuit,
666 1305 703 1365 ut
728 1300 850 1384 aliquas
876 1299 986 1364 saltem
1013 1304 1120 1384 partes
1146 1306 1211 1366 tres
1238 1299 1311 1366 illae
1336 1301 1460 1384 puellae
1487 1300 1609 1365 librarii

35 1449 39 1456 ·
69 1430 191 1474 erroro
217 1408 340 1474 Atlanti
367 1409 501 1474 donuae
528 1407 693 1485 habereut3
725 1412 758 1474 ot
784 1430 854 1473 cum
881 1411 1040 1472 auctorem
1066 1429 1213 1491 gmecum
1240 1403 1402 1494 Πληϊάδες
1429 1429 1449 1473 a
1475 1410 1610 1487 πλείους

70 1518 227 1582 derivare
250 1517 392 1594 vidisset,
417 1515 478 1582 hoo
500 1517 546 1581 ita
568 1515 601 1579 iu
622 1537 712 1581 usum
736 1537 826 1581 suum
849 1515 1014 1591 convertit,
1041 1520 1078 1579 ut
1099 1514 1251 1581 scriberet
1275 1537 1376 1599 quare
1397 1517 1483 1598 quod
1497 1517 1611 1598 plures

70 1626 165 1689 idem
187 1624 348 1704 ποταναὶ,
373 1624 533 1709 (nimirum
557 1625 589 1687 in
611 1623 740 1690 oonsilio
763 1623 840 1688 satis
863 1622 1005 1699 ridiculo,
1028 1622 1111 1706 quod
1134 1623 1275 1706 Hyginus
1297 1627 1481 1708 superstites
1503 1625 1610 1691 docem

71 1754 207 1798 sorores
229 1731 375 1798 habuisse
399 1730 459 1798 sibi
481 1729 587 1818 finxit)
605 1729 742 1795 Pliadas
764 1730 874 1795 dictus.
912 1731 966 1806 ita,
988 1731 1020 1794 ni
1039 1729 1140 1806 fallor,
1163 1731 1267 1795 omnia
1289 1730 1384 1814 plana
1402 1730 1490 1796 fiunt.
1527 1733 1610 1815 quod

72 1861 157 1904 vero
180 1839 342 1906 Musaeum
362 1859 426 1904 non
444 1839 635 1924 quindecim,
657 1838 712 1904 sed
730 1837 895 1904 duodecim
912 1835 992 1902 filias
1010 1837 1132 1902 Atlanti
1150 1839 1298 1904 tribuisse
1316 1845 1430 1916 statuo,
1453 1839 1532 1904 facio
1551 1839 1611 1906 hoo

72 1949 232 2030 primum,
264 1947 348 2031 quod
379 1947 461 2012 ratio
490 1947 649 2030 postulare
676 1945 814 2022 videtur,
844 1950 912 2010 tum
939 1967 1011 2010 vero
1043 1945 1222 2011 testimonio
1250 1946 1335 2012 nisus
1362 1945 1549 2012 scholiorum
1578 1947 1610 2010 in

72 2055 214 2120 Iliadem
238 2057 272 2119 Σ
291 2055 365 2120 486.
410 2055 464 2120 sod
487 2054 556 2138 ipsa
578 2052 686 2130 verba,
708 2051 815 2136 qualia
836 2053 869 2116 iu
887 2051 1008 2118 Veneto
1032 2053 1060 2116 A
1083 2057 1217 2130 exstant,
1239 2053 1423 2118 adscribam.
1469 2045 1528 2131 τὰς
1549 2053 1610 2138 μὲν

72 2161 380 2248 κατηστερισμένας
407 2161 444 2226 ἐν
470 2169 519 2246 τῷ
546 2155 691 2246 μετώπῳ
719 2167 781 2226 τοῦ
808 2155 935 2245 Ταύρου
953 2151 1069 2236 Ὑάδας
1096 2159 1198 2242 φασὶν
1221 2157 1388 2246 εἰρῆσθαι,
1415 2152 1474 2235 τὰς
1497 2160 1532 2225 δὲ
1556 2159 1611 2224 ἐπὶ

72 2279 138 2358 τῆς
167 2262 329 2357 ἡμιτόμου
355 2274 500 2354 πλευρᾶς
523 2263 688 2354 Πληϊάδας
711 2272 895 2333 καλεῖσθαι.
945 2260 1114 2344 Ἄτλαντος
1135 2258 1197 2352 γὰρ
1219 2273 1281 2332 τοῦ
1304 2259 1452 2334 Ἰαπετοῦ
1474 2269 1531 2332 καὶ
1555 2265 1610 2332 Αἲ-

72 2385 169 2464 θρας
192 2385 249 2464 τῆς
271 2369 435 2456 Ὠκεανοῦ,
458 2371 551 2441 καθά
573 2392 653 2462 φησι
679 2375 819 2459 Τίμαιος,
842 2373 1023 2458 θυγατέρες
1046 2369 1176 2439 δώδεκα
1199 2377 1254 2439 καὶ
1276 2367 1348 2452 υἱὸς
1364 2364 1446 2450 Ὕας.
1488 2381 1611 2438 τοῦτον

74 2487 115 2552 ἐν
137 2481 245 2569 Λιβύῃ
268 2489 514 2570 κυνιμετοῦντα
537 2475 614 2565 ὄφις
636 2483 771 2547 κτείνει·
794 2483 850 2546 καὶ
874 2478 907 2544 αἱ
930 2479 990 2564 μὲν
1010 2477 1034 2545 ε’
1053 2473 1115 2546 τὸν
1135 2473 1280 2563 ἀδελφὸν
1299 2487 1485 2568 θρηνοῦσαι
1509 2471 1610 2544 ἀπόλ-

74 2599 201 2659 λυνται
229 2583 283 2656 διὰ
310 2586 432 2677 λύπην,
461 2579 499 2667 ἃς
526 2581 567 2654 δι’
590 2585 706 2656 οἶκτον
733 2589 969 2674 καταστερίσας
997 2580 1016 2653 d
1040 2579 1121 2666 Ζεὺς
1139 2581 1256 2665 Ὑάδας
1283 2584 1500 2671 ἐπωνόμασεν
1524 2585 1611 2652 ἐπαν-

76 2701 183 2788 ναμὶμ
211 2705 272 2764 τοῦ
300 2691 455 2780 ἀδελφοῦ.
507 2694 540 2762 ul
568 2696 603 2762 ct
631 2691 661 2778 ζ’
684 2693 833 2780 βραδέως
858 2693 933 2780 μὲν,
960 2696 1096 2772 πλείους
1123 2695 1158 2760 δὲ
1187 2687 1422 2761 ἀποθανοῦσαι
1450 2690 1612 2782 Πληϊάδες

76 2807 293 2893 appear)
339 2827 419 2890 quae
445 2803 542 2870 verba
568 2803 659 2887 vulgo
687 2803 770 2868 inter
797 2802 915 2867 Timaei
942 2802 1119 2884 fragmenta
1146 2801 1332 2868 refonnrtur.
1377 2803 1414 2866 of.
1442 2801 1474 2866 (l.
1498 2801 1613 2867 Miiller

76 2913 112 2978 F.
139 2913 179 2977 Η.
203 2911 239 2978 G.
263 2912 277 2977 1
300 2935 329 2996 p.
355 2911 417 2977 198
441 2934 470 2996 p.
495 2911 545 2976 25.
591 2915 625 2976 at
651 2912 677 2976 si
704 2909 863 2996 Hyginum
891 2913 922 2974 et
950 2909 1151 2974 scholiastam
1173 2909 1351 2975 Germanioi
1378 2909 1612 2986 contulerimus,

78 3042 146 3083 nou
171 3018 384 3084 dubitabimus
406 3041 463 3104 pro
487 3019 613 3084 Timaeo
636 3017 757 3083 Musaei
779 3038 892 3082 nomeu
915 3017 1089 3082 restituere.
1129 3023 1230 3082 restat
1251 3024 1288 3081 ut
1311 3015 1506 3101 explicemus,
1529 3017 1613 3082 unde

79 3126 122 3188 de
156 3124 259 3189 bestia
289 3147 368 3209 quae
395 3125 496 3210 Hyam
528 3126 651 3190 necant
681 3129 772 3190 tanta
803 3125 886 3189 iuter
919 3129 1015 3190 testes
1047 3125 1199 3190 dissensio
1226 3129 1297 3188 orta
1324 3125 1378 3201 sit,
1410 3145 1479 3188 cum
1506 3129 1612 3188 tamen

81 3251 193 3295 omnes
213 3231 292 3296 haec
308 3231 469 3298 Musaeum
491 3253 621 3298 narrare
644 3237 805 3296 testentur.
841 3253 913 3297 nam
936 3231 1055 3296 scholia
1077 3231 1109 3296 in
1128 3232 1267 3308 Hiadcm,
1290 3231 1473 3314 quibuscum
1495 3226 1613 3296 scholia

80 3337 115 3400 iu
141 3335 275 3400 Aratum
297 3359 323 3400 v.
347 3339 409 3402 254
433 3362 461 3422 p.
486 3340 537 3417 73,
560 3339 602 3404 25
625 3339 722 3404 Rokk.
746 3339 956 3414 consentiunt,
983 3345 1172 3422 serpentem,
1198 3338 1340 3422 Hyginus
1362 3337 1497 3415 leonem,
1523 3338 1612 3403 scho-

79 3443 192 3509 liastes
220 3441 398 3509 Germanici
429 3453 460 3511 et
487 3445 735 3531 Hyginiauarum
766 3445 943 3511 fabularum
971 3445 1177 3530 interpolator
1204 3445 1254 3511 vel
1280 3446 1400 3510 leonem
1427 3445 1475 3510 vel
1502 3467 1612 3529 aprum

79 3551 182 3616 fuisse
213 3549 353 3616 tradunt.
403 3553 455 3616 diu
488 3555 521 3619 in
552 3553 611 3617 hac
638 3552 819 3638 quaestione
846 3553 948 3629 haesi,
980 3553 1080 3616 donoc
1107 3553 1139 3616 in
1165 3552 1248 3617 hano
1273 3552 1480 3636 suspicionem
1507 3552 1612 3628 incidi,

78 3679 165 3740 (luae
188 3659 248 3722 etsi
271 3658 398 3724 minime
421 3667 507 3725 certa
529 3660 582 3736 sit,
609 3659 742 3726 fortasse
765 3667 869 3725 tamen
893 3660 964 3724 aliis
988 3679 1110 3744 quoque
1132 3659 1300 3724 adridebit.
1346 3658 1507 3724 Musaeum
1530 3659 1612 3723 enim

78 3768 194 3848 utpote
224 3769 350 3848 poetam
383 3769 438 3830 aut
464 3765 642 3833 obscuriore
670 3771 726 3832 aut
753 3768 891 3850 generali
919 3766 1069 3834 vocabulo
1096 3788 1187 3832 usum
1214 3764 1310 3831 fuisse
1337 3767 1489 3850 suspicor,
1520 3765 1613 3848 quale

174 3995 205 4062 1·’)
225 3995 301 4049 Inter
319 3996 421 4066 Hygini
446 3998 553 4052 sabulos
577 3998 679 4067 possim
702 3999 872 4053 narrationes
896 4006 1042 4052 occurrrmt
1065 4015 1126 4052 curn
1150 3995 1262 4052 scholiis
1285 3995 1313 4049 iu
1332 3994 1525 4050 Germanicum
1549 4011 1612 4049 con·
1730 3995 1740 4004 '

81 4082 195 4151 scriptis
218 4085 285 4138 satis
309 4089 437 4140 accurate
461 4094 654 4155 congruentes3
683 4102 750 4156 quas
774 4087 954 4157 interpolatas
978 4103 1038 4142 esse
1061 4090 1198 4157 sumptum
1222 4084 1308 4155 magis
1332 4090 1374 4138 est
1397 4099 1478 4152 quarn
1502 4083 1612 4138 demon·

82 4176 209 4224 stratum.
234 4189 268 4226 eu
283 4173 333 4228 tibi
348 4175 528 4230 certissimum
544 4183 741 4244 argumentum.
766 4175 794 4229 iu
810 4177 905 4232 sabulo
920 4177 970 4231 tue
985 4175 1127 4232 duodecim
1142 4175 1264 4230 Atlantis
1279 4173 1354 4228 tiliae
1369 4177 1614 4228 commemorantur

83 4267 112 4310 ot
135 4259 210 4328 Hyas
235 4261 269 4315 ab
292 4279 361 4330 apro
384 4264 425 4318 oet
447 4265 523 4318 Ιεοατ
550 4264 655 4320 occisus
683 4281 743 4320 esse
771 4265 883 4330 diuitum
913 4265 946 4319 de
975 4271 1090 4335 utroque
1118 4264 1255 4321 consentit
1283 4263 1419 4333 interpres
1447 4260 1613 4326 Germanici,

83 4346 214 4403 dissentit
228 4350 351 4420 Hyginus
370 4351 397 4406 iu
412 4353 576 4422 Astrologia,
596 4353 644 4422 qui
662 4353 732 4407 nihil
752 4355 785 4408 do
804 4370 871 4424 apro
890 4356 982 4408 hahet.
1007 4371 1060 4424 qus
1078 4371 1108 4408 re
1127 4357 1177 4409 has
1195 4352 1354 4423 particulas,
1375 4356 1469 4419 utpote
1489 4365 1559 4420 quae
1579 4365 1612 4403 cx

82 4437 196 4492 scholiis
220 4438 248 4491 in
272 4439 463 4495 Germanicum
487 4441 630 4508 fluxerint,
654 4443 690 4496 ad
713 4442 818 4496 scholia
841 4443 890 4498 itis
914 4443 1085 4500 emendanda
1109 4443 1168 4498 iure
1191 4447 1283 4497 nostro
1306 4440 1438 4496 adhibere
1461 4455 1612 4508 possumus.

82 4541 115 4579 ac
140 4525 265 4604 suspicor
288 4544 322 4582 ea
344 4527 404 4598 ipsa
423 4547 494 4598 quoe
513 4547 596 4599 supra
615 4530 748 4600 adscripsi
768 4521 852 4587 rerba
870 4531 898 4586 in
917 4531 1017 4587 nostris
1037 4533 1200 4588 scholiorum
1220 4529 1299 4586 tibris
1318 4545 1382 4585 casu
1401 4533 1508 4582 tantum
1527 4525 1613 4580 inter·

82 4613 192 4669 cidisse.

174 4705 205 4763 ¹⁹)
224 4705 318 4760 Simile
347 4706 442 4760 vitium
471 4709 564 4776 paullo
592 4714 654 4777 port
680 4725 706 4778 p.
726 4709 768 4776 64,
781 4681 805 4762 '8
828 4709 949 4776 obvium,
977 4713 1049 4780 quod
1077 4711 1172 4766 eadem
1201 4709 1307 4764 ratione
1335 4713 1422 4763 ortum
1451 4721 1511 4760 esse
1539 4709 1613 4773 poto.

83 4789 207 4859 Hyginus
225 4793 326 4848 Oriona
345 4795 456 4851 Pliadas
474 4808 525 4866 per
543 4803 648 4866 septem
667 4813 752 4854 annos
770 4805 944 4868 persecutum
963 4816 1024 4854 esse
1042 4805 1149 4867 narrat3
1173 4797 1293 4853 debebat
1311 4813 1361 4868 per
1379 4811 1465 4852 annos
1484 4792 1613 4862 quinque.

85 4877 118 4932 ci.
137 4879 180 4935 Et.
201 4898 289 4950 magn.
309 4885 369 4949 675,
388 4885 423 4939 36
441 4886 484 4950 (=
499 4885 607 4940 Pindar.
628 4884 660 4939 fr.
680 4887 714 4941 52
732 4887 845 4954 Bergk),
869 4889 952 4941 schot.
973 4890 1050 4944 Arat.
1070 4907 1093 4942 v.
1113 4889 1164 4943 254
1183 4905 1209 4956 p.
1230 4889 1272 4949 73,
1291 4889 1333 4942 30.
1353 4885 1448 4954 itaque
1467 4881 1495 4936 in
1514 4896 1614 4952 graeco

84 4965 162 5034 libro,
182 4985 262 5038 quem
277 4969 402 5040 Hyginus
417 4971 583 5040 compilavit,
602 4958 632 5029 E*
648 4975 675 5029 in
695 4958 894 5045 Zcorruptnm
913 4975 997 5030 irrisae
1017 4982 1114 5030 statuo.

172 5059 206 5130 ²⁰)
225 5059 266 5115 De
284 5059 400 5132 singulis
419 5061 510 5118 verbis
529 5063 563 5119 ct.
583 5063 773 5136 catalogorum
791 5065 957 5134 Fragmenta
975 5065 1015 5118 111
1033 5082 1060 5134 p.
1080 5063 1121 5118 43.
