3906 5800
588 433 727 488 Emona.

342 435 426 510 114Ι

222 611 287 666 XV·
429 599 535 688 Οὗτος
549 609 586 676 έν
596 607 687 692 τάξει
696 610 853 676 τέτακται
861 609 976 696 τέταρ-

198 695 320 768 Kanate.
384 722 453 794 τος“
481 709 546 782 ὁδ’
561 709 719 802 οἷρκτικός
733 712 857 794 κύκλος
871 709 978 782 αὐτόν

383 815 612 908 ἀπολαμβάνει
623 816 690 889 όπό
700 825 819 890 ποδῶν
830 821 893 900 ἕως
902 819 976 910 στή-

383 935 483 1007 θους,
508 921 548 995 τό
574 929 610 995 δὲ
633 923 756 996 λοιπόν
780 929 826 1007 εἰς
848 922 888 995 τό
913 921 977 995 οἷνὰ

355 1035 484 1118 ὀμέοον
498 1037 614 1102 πίπτει
629 1029 734 1102 αὐτοῦ
747 1044 810 1102 τοῦ
819 1059 855 1100 τε
866 1029 976 1120 όρκτι-

381 1149 446 1206 κοῦ
459 1144 516 1207 καὶ
525 1149 667 1227 θερινοῦ
680 1147 856 1228 τροπικοῦΙ
874 1131 916 1229 ἦν
932 1143 977 1222 δὲ,

382 1240 429 1324 ώς
451 1239 634 1336 Εὐριπίδης
657 1251 769 1341 φηρὶν,
792 1244 977 1314 Αἰθιόπων

380 1351 543 1436 βασιλεύς,
561 1349 778 1441 Ἀνδρομέδας
796 1355 833 1421 δὲ
850 1351 973 1442 πατήρ·

381 1454 444 1547 τὴν
454 1453 484 1526 δ’
489 1456 975 1547 αὖτοῦθυγατέραδοκεῑπαρα-

339 1576 371 1628 10
381 1573 496 1632 θεῖναι
505 1563 652 1654 τῷκήτει
661 1562 778 1653 βορόν,
787 1558 977 1654 ἣνΠερσεύς

382 1663 494 1750 όΔιός
514 1672 663 1739 διέσωσε·
687 1666 729 1739 δι’
747 1663 790 1760 ἣν
803 1677 861 1739 καὶ
876 1665 977 1752 αὐτὸς

382 1777 419 1844 έν
446 1793 517 1857 τοῖς
545 1773 679 1866 ἄστροις
706 1779 808 1867 έτέδη
835 1774 976 1868 Ἀθηνᾶς

381 1880 506 1970 γνώμα.

420 1983 976 2079 Ἔχειδὲόοτέραςέπὶτῆςκεφαλῆς

338 2106 370 2160 15
380 2089 552 2183 λαμπροὺς
565 2095 606 2179 β’,
620 2091 674 2180 ἐφ’
688 2093 857 2184 ἑκατέρων
872 2093 975 2182 ώμων

382 2200 415 2268 α’
440 2206 496 2269 καὶ
520 2202 717 2290 ἐπιχειρῶν
742 2200 911 2290 ἑκατέρων
935 2200 975 2283 α’,

381 2303 438 2374 ἐπ’
457 2301 624 2394 οἷγκώνων
639 2304 807 2395 ἑκατέρων
822 2305 856 2375 α’
872 2301 973 2394 όμαυ-

379 2411 469 2500 ρούς,
484 2414 540 2481 ἐπὶ
551 2411 657 2503 ζώνης
666 2412 701 2500 γ’
711 2407 831 2497 λοξοὺς
841 2414 896 2481 ἐπὶ
905 2439 974 2482 κοι-

380 2524 452 2599 λίας
483 2521 582 2608 μέσης
614 2518 799 2608 λαμπρούς,
836 2522 892 2588 ἐπὶ
924 2523 973 2587 δε-

335 2637 370 2690 20
381 2633 451 2708 ξιᾶς
469 2623 613 2713 λαγόνος
632 2624 677 2707 α’,
696 2627 752 2694 ἐπὶ
769 2625 912 2713 γόνατος
928 2625 974 2709 β’,

380 2732 436 2799 ἐπὶ
451 2726 558 2812 ποδός
573 2727 679 2820 ἄκρου
695 2731 738 2800 α’.
768 2727 868 2819 (ὑπὲρ
883 2731 973 2800 πόδα

256 2915 265 2932 .
381 2837 422 2905 δ’.
468 2832 548 2930 τοὺς
571 2837 701 2918 πάντας
719 2835 804 2924 ἰδ’.)

370 4209 421 4266 XV
440 4209 631 4266 Τιιοτιιτοιιιιι
651 4207 783 4264 Εαδοώα
798 4229 827 4280 p.
847 4211 914 4265 260.

1028 434 1128 488 Senon.
1149 435 1237 486 Am.

1067 613 1205 667 omittant.

1363 431 1464 486 Senon.
1484 429 1577 484 Genu.
1596 430 1649 484 BP.
1669 447 1695 500 p.
1715 429 1759 494 77,
1778 431 1803 483 5.

1340 609 1402 674 Hie
1429 611 1462 673 in
1489 608 1601 674 ordina
1627 613 1743 692 quarto
1770 607 1845 672 loeo

1293 715 1388 792 ¹situs,
1441 736 1535 797 quem
1585 713 1847 798 septentrionalis

1296 822 1432 886 circulus
1450 825 1584 904 occupat
1602 841 1622 886 a
1639 819 1774 904 pedibus
1787 842 1846 886 us-

1296 949 1356 1011 que
1379 929 1421 992 ad
1443 933 1562 1011 peetus.
1610 927 1753 1010 reliquus
1775 949 1847 992 me-

1296 1035 1368 1099 dius
1386 1041 1435 1100 est
1452 1035 1536 1099 inter
1553 1033 1664 1099 arctici
1682 1040 1716 1100 et
1729 1035 1847 1100 aestivi
1876 1043 1894 1095 5

1296 1141 1411 1224 tropici
1429 1141 1589 1206 circulum.
1616 1148 1654 1206 nt
1671 1140 1845 1224 Euripides

1295 1247 1383 1325 dicit,
1401 1247 1454 1312 hie
1469 1247 1661 1331 Aethiopum
1678 1269 1735 1312 rex
1748 1253 1846 1330 pater

1296 1353 1527 1430 Andromedae,
1540 1351 1846 1419 euinsfilieobieeta
1879 1389 1882 1397 ·

1295 1467 1365 1524 ceto
1388 1481 1408 1523 a
1426 1459 1541 1526 Perseo
1565 1467 1691 1528 servata
1709 1459 1846 1543 eiusque

1295 1585 1390 1630 eausa
1417 1572 1451 1630 et
1473 1567 1541 1649 ipse
1563 1571 1656 1650 pater
1678 1567 1722 1632 sit
1744 1568 1846 1634 astris
1858 1577 1893 1628 10

1294 1671 1412 1736 inlatus
1435 1669 1588 1738 beneficio
1611 1673 1782 1740 Minervae

1511 1901 1538 1953 p.
1559 1884 1601 1950 ιι,
1622 1885 1664 1940 10.

1339 1989 1483 2074 Cepheus
1522 1990 1621 2056 habet
1661 1991 1771 2056 stellae
1808 1992 1846 2056 in

1294 2099 1398 2180 eapite
1420 2097 1522 2162 claras
1544 2098 1632 2174 duaa,
1655 2097 1689 2160 in
1707 2097 1847 2162 dextera
1857 2107 1888 2158 15

1295 2224 1389 2268 manu
1412 2204 1530 2268 claram
1548 2203 1574 2280 1,
1596 2203 1629 2268 in
1652 2203 1760 2269 cubito
1783 2203 1844 2268 ob-

1294 2331 1417 2375 scuram
1448 2309 1478 2387 I,
1513 2311 1547 2374 in
1583 2310 1713 2376 sinistra
1742 2332 1844 2375 manu

1294 2417 1411 2481 claram
1429 2437 1533 2493 unam,
1550 2417 1584 2480 in
1603 2417 1733 2482 sinistro
1751 2438 1844 2481 ume-

1293 2543 1329 2585 ro
1352 2543 1462 2600 unam,
1484 2525 1518 2589 in
1541 2524 1646 2589 cinctu
1668 2529 1734 2590 tres
1757 2523 1844 2588 obli-

1293 2649 1384 2711 quae,
1416 2629 1450 2692 in
1477 2631 1609 2695 dextera
1638 2651 1717 2696 eoxa
1744 2630 1772 2706 I,
1808 2629 1886 2693 inno

1292 2733 1421 2799 sinistro
1453 2757 1536 2820 genu
1567 2736 1659 2814 duae,
1690 2737 1725 2801 in
1756 2737 1842 2820 pede

1292 2840 1403 2906 ultimo
1431 2840 1460 2918 Ι,
1491 2863 1588 2926 supra
1618 2843 1731 2927 pedem
1758 2843 1842 2908 alias

1291 2947 1345 3012 IV.
1385 2945 1466 3012 fiunt
1488 2948 1588 3014 XVII.
1629 2949 1709 3014 haee
1731 2955 1841 3015 autem

1291 3055 1324 3117 in
1358 3056 1598 3137 septentrionali
1627 3056 1754 3121 climate
1781 3077 1841 3140 po-

1291 3161 1371 3224 sitae
1394 3165 1477 3225 sunt
1560 3247 1568 3264 ο
1849 3169 1881 3224 25
1949 3223 1950 3268 η

1063 4209 1183 4268 τοταιίαἰ
1199 4207 1226 4267 S.
1242 4229 1293 4266 om.
1303 4209 1364 4268 BP.
1401 4231 1427 4270 ιι
1438 4212 1573 4283 Cepheus,
1588 4211 1664 4282 ανοδ
1676 4216 1708 4270 ιἰι
1715 4212 1773 4270 ΒΡ
1779 4219 1841 4286 poet
1850 4225 1872 4268 ιι

368 4315 401 4354 ιι.
413 4317 439 4353 18
450 4293 594 4368 ἄμαιιροός
607 4299 663 4352 hac
676 4300 775 4352 traieci
783 4301 814 4353 ιἰι
828 4299 975 4368 ῑιδνωροα
1029 4300 1143 4354 dextera
1154 4301 1261 4370 Ιορὲέιιτ,
1271 4302 1325 4355 λαις
1334 4305 1472 4356 revocavit
1481 4306 1507 4374 β.
1545 4320 1571 4358 ιο
1580 4319 1730 4360 coenam
1738 4321 1800 4359 eum
1808 4301 1870 4372 Epi·

332 4382 433 4452 λοξοὺς
451 4387 558 4455 ἰτρίων.
639 4404 665 4442 ιο
685 4384 731 4440 ἐπὶ
750 4381 840 4456 ζώνης
862 4389 975 4455 ναίοντ’.-
1028 4389 1530 4460 ιααιααῑῑοαιςοιιοιαιοοὲροαα,
1545 4391 1649 4447 aiente
1663 4392 1757 4449 cubito
1770 4395 1871 4447 imane

333 4469 545 4543 έπὶζώιηῑιλκέ.
618 4492 644 4531 ιο
653 4472 800 4546 λαμπροὺς
808 4477 915 4544 scripsi,
931 4477 972 4530 δι’·
1028 4478 1320 4546 unoquoque3atidem
1330 4495 1407 4533 error
1417 4479 1495 4548 apud
1503 4479 1649 4550 Ηρρέαιιαι
1657 4482 1785 4550 secuerit,
1795 4482 1870 4536 itaet

331 4563 485 4630 αἱοοιιοκα,
497 4578 569 4630 quae
579 4569 640 4618 erat
650 4570 715 4618 ante
725 4561 771 4618 ἐπὶ
782 4565 898 4633 κοιλίας,
909 4564 971 4618 ονο-
1026 4567 1083 4618 iam
1101 4566 1132 4619 ia
1151 4566 1277 4634 αιιλίρνω
1291 4567 1548 4622 Cataateriemoram
1562 4569 1691 4638 οπωιρλω
1704 4571 1822 4626 emittm
1834 4567 1868 4621 α’-
1945 4589 1946 4632 ι

332 4650 399 4704 lata.
419 4646 552 4720 λαμπρὸν
561 4645 587 4706 α’
598 4651 668 4705 latri.
741 4647 803 4723 ωρέ
818 4653 930 4721 σαπροῖς
944 4647 970 4706 α’
1026 4653 1135 4707 dentur.
1185 4660 1283 4723 apost
1292 4671 1374 4710 unam
1384 4656 1546 4710 addendum
1555 4663 1625 4712 erate
1638 4657 1867 4714 indextrounero

331 4737 402 4792 latri.
474 4757 498 4794 ιιι
519 4733 591 4810 ὑπὲρ
611 4735 685 4795 πόδα
704 4771 736 4780 -
757 4757 782 4796 ω
802 4733 841 4794 ιδ’
862 4739 969 4794 addidi.
1024 4757 1107 4796 unam
1121 4757 1194 4810 quae
1212 4749 1305 4798 tamen
1324 4744 1405 4799 verba
1423 4746 1481 4798 ιάιιι
1498 4747 1530 4799 ia
1541 4761 1643 4816 ρνατοο
1657 4747 1779 4817 cample
1792 4748 1866 4801 inter·
1942 4739 1946 4834 1

1023 4831 1122 4885 cidisse
1126 4838 1254 4899 poseant.
1292 4833 1458 4902 aolacripsi.
1478 4835 1505 4888 II
1515 4834 1575 4888 BP.
1613 4851 1638 4891 aa
1648 4835 1687 4891 IV
1699 4837 1803 4905 ποτέρα.
1817 4841 1866 4886 tres
1943 4849 1944 4856 ι

1021 4919 1082 4974 BP.
1111 4919 1190 4974 XVII
1210 4920 1321 4975 debebat
1339 4921 1419 4988 XIX,
1437 4923 1470 4976 αι’
1487 4923 1665 4992 acidiam,
1684 4941 1754 4992 ρνω
1770 4919 1864 4980 notavi.

1021 5009 1140 5064 numeri.
