3906 5800
287 459 387 518 Souna.
406 459 500 516 Gran.
519 459 550 516 G.
1091 461 1221 518 Haemus
1240 442 1275 530 ΙΙ,
1296 461 1337 518 17.
1524 459 1583 530 161

887 641 1117 728 Aglaosthenes
1131 648 1247 720 autem,
1265 643 1319 726 qui
1333 643 1454 708 Naxica
1467 663 1542 708 con·

843 751 978 834 scripsit,
1001 750 1180 835 Tyrrhenos
1203 751 1250 816 ait
1271 749 1368 815 fuisse
1390 751 1543 833 quosdam

843 857 1058 936 navicularios,
1073 861 1127 940 qui
1142 879 1273 942 puerum
1287 858 1383 923 etiam
1392 856 1542 921 Liberum

842 969 965 1048 patrem
988 970 1157 1050 receptum,
1178 969 1216 1029 ut
1238 963 1362 1028 Naxum
1386 985 1455 1030 cum
1478 963 1543 1030 suis

843 1071 1009 1137 comitibus
1032 1076 1206 1137 travectum
1226 1071 1394 1138 redderent
1412 1070 1543 1136 nutrici·
1569 1079 1587 1131 5

843 1178 901 1242 bus
924 1179 1084 1264 nymphis,
1111 1199 1132 1242 a
1157 1179 1272 1262 quihus
1294 1199 1363 1244 oum
1386 1179 1542 1243 nutritam

842 1289 870 1348 ct
887 1305 946 1352 noa
963 1287 1162 1370 inproperia
1176 1288 1304 1352 deorum
1323 1290 1351 1350 cl
1370 1286 1543 1367 complures

844 1391 962 1460 Graeci
974 1393 1140 1472 dicerunt;
1159 1394 1214 1458 sat
1231 1398 1267 1458 at
1285 1395 1329 1459 ad
1345 1393 1541 1473 propositum

840 1504 1044 1577 revertamur,
1064 1500 1247 1566 navicularii
1266 1521 1321 1584 spe
1338 1499 1475 1583 praedae
1493 1497 1541 1561 in-

842 1606 928 1670 ducti
951 1627 1061 1670 navem
1085 1613 1228 1672 avertere
1250 1606 1424 1671 voluerunt.
1457 1604 1541 1688 quod
1553 1613 1585 1665 10

842 1711 937 1778 Liber
973 1714 1148 1798 suspicatus
1184 1714 1314 1780 comites
1350 1735 1422 1778 suos
1455 1710 1541 1776 iubet

842 1819 1060 1904 symphoniam
1079 1841 1205 1898 canore3
1225 1841 1287 1904 quo
1306 1821 1412 1884 sonitu
1430 1819 1539 1884 audito

841 1926 995 2011 Tyrrheni
1023 1949 1093 1993 cum
1121 1925 1322 2010 usqueadeo
1346 1924 1539 1990 delectaren-

842 2041 907 2110 tur,
939 2041 976 2099 ut
1003 2035 1097 2099 etiam
1125 2035 1158 2098 in
1185 2031 1406 2098 saltationibus
1434 2038 1540 2098 esseut

842 2142 995 2227 occupati,
1012 2140 1185 2226 cupiditate
1199 2141 1335 2206 saltandi
1354 2161 1388 2205 sa
1405 2139 1439 2203 in
1453 2159 1539 2204 mare
1551 2147 1584 2202 15

806 2297 814 2310 .
842 2249 932 2314 inscii
956 2249 1156 2332 proiecerunt
1177 2253 1210 2314 et
1231 2247 1276 2312 ibi
1299 2246 1442 2330 delphini
1467 2251 1540 2310 suut

842 2354 927 2420 lacti.
952 2378 1084 2440 quorum
1107 2354 1329 2439 cogitationem
1352 2375 1421 2418 cum
1445 2352 1540 2418 Liber

842 2463 1010 2528 memoriae
1036 2464 1198 2528 hominum
1228 2461 1355 2526 tradere
1384 2461 1540 2535 voluisset,

840 2569 934 2634 unius
958 2569 1094 2654 effigiem
1117 2571 1200 2634 iuter
1223 2567 1329 2634 sidera
1351 2567 1532 2633 conlocavit.

1159 2783 1207 2848 ΙΙΙ,
1227 2784 1268 2838 16.

886 2889 992 2956 Habet
1023 2896 1127 2956 autom
1160 2892 1193 2956 in
1225 2890 1327 2974 capite
1359 2887 1483 2955 stellam
1515 2886 1539 2964 Ι,

842 3019 938 3081 supra
957 3003 1051 3081 caput
1069 2998 1110 3063 ad
1129 2999 1280 3064 cervicem
1299 2989 1406 3062 versus
1420 2995 1460 3061 ΙΙ.
1497 2995 1539 3058 ad

842 3125 880 3169 aa
902 3125 981 3188 quaa
1004 3105 1037 3170 in
1059 3111 1168 3169 ventre
1189 3105 1275 3169 velut
1292 3124 1414 3187 pennae
1432 3103 1540 3166 viden-

841 3216 894 3275 tur
917 3211 1015 3276 habet
1037 3210 1144 3276 stellas
1167 3210 1224 3285 ΙΙΙ,
1251 3213 1284 3277 in
1307 3208 1442 3293 scapulis
1461 3208 1485 3285 l,
1508 3209 1585 3272 inat
1612 3199 1616 3208 '

842 3320 942 3384 cauda
959 3318 999 3383 11.
1045 3320 1171 3383 omnino
1189 3321 1238 3382 est
1258 3318 1419 3382 stellarum
1437 3315 1539 3382 Vllll.

884 3943 952 3998 Vide
970 3943 1167 4012 Proleyomena
1181 3957 1211 4010 p.
1231 3943 1257 3994 8.

879 4052 890 4088 1
922 4039 1014 4088 autem
1046 4049 1096 4087 om.
1129 4031 1158 4086 V.
1200 4028 1374 4098 conscripsit:
1408 4023 1530 4110 scripsit‘
1551 4029 1584 4083 R.

844 4139 856 4178 r
875 4123 1005 4191 quosdam
1029 4121 1059 4176 V.
1079 4121 1215 4189 quondam
1235 4119 1267 4172 R.
1376 4135 1455 4174 anos
1474 4119 1586 4186 scripsi:

844 4210 930 4266 nostri
962 4211 1031 4264 troii.
1078 4227 1127 4265 uos
1158 4209 1212 4280 ipsi
1236 4209 1396 4280 praeiverat
1424 4207 1584 4274 Sdtefferus.

844 4317 869 4355 rs
888 4299 982 4355 audito
1006 4299 1042 4354 V:
1060 4297 1183 4354 inaudito
1202 4299 1292 4367 culpo.
1350 4313 1376 4353 ra
1395 4295 1515 4351 saltandi
1534 4313 1585 4350 om.

844 4388 909 4443 DV.
968 4405 993 4444 rr
1013 4404 1124 4458 quorum
1145 4386 1346 4457 cogitationem.
1368 4386 1486 4452 satanae
1505 4402 1585 4454 quam

844 4477 1037 4547 cogitationem
1061 4478 1096 4544 cs.
1121 4477 1224 4548 Hypin.
1244 4477 1317 4529 Hs
1343 4477 1394 4530 hac
1421 4474 1585 4544 cogitatione

845 4582 937 4622 amore
965 4565 1098 4621 liberatus
1126 4573 1175 4622 est.
1235 4583 1347 4635 quorum
1376 4564 1585 4634 castigationem

845 4657 986 4723 temptarat
1003 4655 1173 4711 Bursianus.
1242 4655 1396 4710 listellam
1417 4653 1428 4706 l
1448 4653 1587 4706 Bantius:

845 4744 940 4798 stellas
959 4744 985 4798 ΙΙ
1004 4745 1074 4798 lori.

662 4963 877 4971 -.-.—-.—.-.-
899 4964 979 4970 —.-
