3906 5800
341 433 439 488 Senon.
459 433 550 488 Genu.
571 432 603 488 G.
1143 433 1273 486 Hrurnne
1292 432 1341 494 ΠΙ,
1360 432 1385 485 6.
1575 430 1638 495 143

191 612 231 676 Iu
266 612 297 676 G
330 614 496 688 onmem,
528 613 582 676 seit
613 633 650 676 ec
683 611 843 692 archetypi
941 613 1049 678 Habet
1071 617 1177 676 autem
1199 612 1232 676 in
1255 613 1332 695 ipsis
1355 611 1523 676 testudinis
1544 610 1593 674 lu-

144 721 379 784 crutmcrutiouc
404 720 480 784 toec
501 719 645 799 frustula
671 720 706 782 ic
729 717 754 782 S
779 739 843 783 scr·
896 718 1016 784 teribus
1039 718 1178 802 u'ngulee
1201 718 1317 796 stelles,
1339 719 1373 784 in
1396 718 1525 782 summis
1542 737 1594 782 ca-

145 830 223 890 vato
245 831 337 890 suot:
897 825 1071 893 cuminibus
1094 847 1216 903 eorum,
1244 845 1325 908 quae
1347 825 1381 889 in
1403 825 1595 890 testudinem

145 933 178 995 iu
198 933 334 998 modiolo
354 934 377 1010 1,
396 934 429 997 in
447 939 596 1017 tympano
614 933 731 997 clarum
749 939 843 1016 atque
896 939 933 997 ut
955 931 1103 998 bracchia
1125 939 1199 998 sunt
1217 933 1367 1008 coniectu,
1390 932 1539 1014 singulas,
1562 931 1595 996 iu

2 1058 3 1061 ’
114 1021 313 1105 boaniidam
336 1039 359 1104 1.
897 1040 1008 1106 mediis
1027 1038 1148 1117 iisdem,
1170 1060 1249 1122 quoe
1266 1058 1392 1104 umeros
1408 1038 1594 1104 Eratosthe-
1620 1046 1638 1100 5

897 1169 952 1213 nes
975 1145 1079 1230 fingit,
1106 1147 1259 1230 singulus,
1282 1147 1315 1211 in
1337 1147 1474 1230 scopulis
1496 1147 1595 1230 ipsius

897 1254 1065 1320 testudinis¹
1084 1275 1187 1330 unam,
1210 1255 1241 1316 in
1261 1253 1323 1318 imo
1342 1253 1438 1337 lyrae,
1460 1275 1541 1336 quae
1558 1259 1596 1318 ut

898 1361 983 1426 basis
1006 1361 1105 1426 totius
1129 1361 1261 1437 videtur,
1284 1383 1386 1426 unam.
1475 1409 1480 1430 1

714 1669 1030 1678 *—

392 1791 609 1870 pmm,
1228 1789 1308 1852 ne

192 1893 335 1980 Cygnum
362 1898 471 1962 dicunt
504 1899 587 1963 inter
618 1904 704 1962 ostra
730 1897 844 1963 cousti-
942 1887 1035 1961 Hunc
1048 1917 1180 1980 cygnum
1191 1894 1304 1961 Graeci
1315 1895 1489 1978 adpellunt3
1502 1917 1595 1978 quem
1672 1893 1767 1948 XXV·

8 2044 13 2097 χΙ
97 2011 134 2063 10
145 2006 252 2068 tutum
281 2024 318 2067 eo
345 2007 429 2087 quod
453 2006 574 2088 Iupiter
597 2025 695 2088 cygno
718 2005 846 2070 erisimi·
899 2004 1073 2087 complures
1096 2008 1226 2086 propter
1248 2003 1388 2085 ignotam
1412 2003 1472 2068 illis
1496 2003 1640 2068 histo-10
1683 1983 1757 2038 ⁰¹⁰r·

145 2108 233 2174 lutus
262 2110 432 2176 evolaverit
459 2113 491 2177 in
519 2113 699 2176 Rumnuntu
722 2111 846 2176 Atticae
898 2112 980 2175 rium
998 2109 1153 2176 communi
1171 2129 1284 2192 genere
1303 2109 1407 2174 avium
1426 2102 1522 2194 ὄρνιν
1540 2112 1596 2174 ed-

145 2215 286 2300 regicnis
331 2217 438 2301 ibique
478 2217 635 2284 Nemesim
676 2219 846 2284 violaverit.
899 2218 1102 2301 pollavenmt.
1153 2218 1192 2283 de
1224 2239 1285 2302 quo
1317 2215 1396 2280 bueo
1426 2217 1596 2282 memoriae

145 2344 230 2406 quae
257 2327 381 2407 peperit
408 2347 514 2402 ovum,
541 2347 580 2388 ex
606 2347 669 2408 quo
696 2332 771 2391 uate
798 2333 848 2390 eet
900 2325 1027 2409 prodite
1049 2331 1098 2390 eet
1119 2345 1220 2390 ceusu.
1253 2323 1374 2408 Iupiter
1397 2345 1468 2388 cum
1491 2343 1596 2390 amore

145 2431 280 2507 Heleno,
303 2432 383 2496 sicut
406 2431 504 2496 refert
527 2431 637 2498 Crates
660 2441 762 2516 poete.
900 2432 1060 2509 inductus,
1096 2431 1243 2497 Nemesin
1280 2430 1413 2514 diligere
1444 2429 1597 2514 coepisset

901 2589 986 2604 ....
1011 2539 1108 2624 (quac
1130 2543 1286 2616 secuntur,
1316 2538 1447 2602 aliunde
1470 2542 1596 2618 empto
1607 2546 1641 2599 15

900 2645 997 2730 sunt).

147 4357 286 4413 emotiolo
307 4375 464 4429 unouymue
482 4360 513 4414 in
531 4359 642 4415 Heiuoii
660 4362 742 4418 istro:
759 4361 852 4418 modu·
941 4358 1001 4416 ein
1023 4357 1187 4416 testudinem
1212 4356 1372 4415 BDGMR:
1400 4359 1428 4414 in
1452 4357 1590 4416 testudine
1614 4357 1644 4416 V.

112 4448 139 4501 lo
161 4447 193 4502 G.
906 4450 1062 4504 iconiectu
1084 4449 1181 4504 BMR.
1224 4451 1349 4506 conlecto
1373 4449 1406 4504 G.
1449 4449 1591 4504 conlocate
1614 4450 1645 4504 V.

907 4539 1014 4595 colcetu
1033 4539 1069 4593 D.
1124 4538 1246 4608 efingit:
1265 4539 1345 4594 finxit
1368 4539 1398 4593 V.
1453 4555 1465 4593 e
1485 4538 1539 4594 imo
1557 4539 1645 4592 Murr-

907 4629 1015 4682 ckerue:
1033 4629 1088 4683 imo
1108 4627 1177 4683 tetri.

941 4735 954 4774 o
973 4734 1087 4787 cygnum
1108 4717 1207 4774 Graeci
1231 4717 1331 4773 DRV:
1353 4715 1452 4772 Graeci
1475 4733 1590 4786 cygnum
1612 4715 1645 4770 G.
