3920 5806
585 1339 1031 1469 EPIMETRVM
1078 1342 1176 1468 ΙΙΙ.

242 1619 299 1684 DE
322 1619 561 1688 NONNVLLIS
584 1619 902 1716 ERATQSTHENIS
925 1621 970 1686 IN
994 1619 1229 1688 CATALOGIS
1253 1621 1523 1690 AVCTORIBVS.

197 1833 271 1920 Ipse
293 1834 521 1904 Eratosthenes
543 1860 605 1923 quo
628 1837 721 1903 modo
744 1835 885 1903 fontibus
908 1835 973 1902 suis
996 1857 1069 1902 usus
1088 1836 1139 1914 sit,
1162 1835 1225 1902 iam
1243 1835 1459 1920 indagandum
1477 1842 1647 1924 astatque,

100 1963 184 2007 num
212 1964 251 2007 ex
277 1943 463 2024 historiolis,
489 1967 571 2030 quae
598 1946 666 2011 sine
693 1946 831 2011 auctoris
857 1944 983 2012 nomine
1015 1946 1048 2008 in
1076 1943 1310 2010 Catasterismis
1336 1943 1495 2024 ferumtur,
1522 1945 1646 2030 aliquae

100 2051 222 2115 saltem
240 2049 282 2116 ad
304 2057 449 2117 auctores
468 2074 539 2119 suos
557 2051 669 2118 referri
687 2052 817 2136 possint,
837 2052 1014 2118 videndum.
1047 2052 1154 2117 sedin
1172 2052 1239 2117 viro
1258 2057 1290 2116 et
1308 2053 1434 2135 ingenio
1452 2058 1485 2125 et
1502 2053 1648 2119 doctrina

101 2158 199 2222 unice
221 2159 433 2241 praecellenti,
456 2161 510 2246 qui
533 2182 572 2225 ex
595 2161 786 2244 optimorum
808 2159 1102 2243 rarissimorumque
1120 2158 1274 2225 librorum
1292 2160 1398 2244 ampla
1416 2159 1507 2244 copia
1523 2157 1647 2226 fabulas

102 2265 333 2348 circumspecto
360 2267 487 2350 iugenio
511 2267 654 2351 elegerit,
682 2267 751 2353 quis
774 2287 837 2332 non
860 2267 947 2333 videt
973 2266 1101 2352 quantis
1128 2266 1188 2332 hoo
1209 2289 1323 2332 munus
1346 2272 1379 2331 et
1405 2264 1647 2332 difficultatibus

103 2371 279 2436 obnoxium
302 2373 344 2437 sit
371 2378 404 2438 et
429 2375 585 2458 periculis.
626 2376 731 2458 cogita
752 2396 816 2440 non
840 2375 880 2440 da
904 2373 1029 2459 Hygino
1052 2375 1119 2458 agi,
1146 2374 1201 2440 sed
1229 2373 1269 2438 de
1291 2373 1510 2440 Eratosthene.
1550 2379 1647 2460 atque

103 2481 231 2546 accedit
256 2480 341 2564 quod
368 2480 466 2564 ipsius
488 2481 707 2576 Eratosthenis
731 2481 888 2548 sententia
909 2481 951 2546 ab
977 2479 1237 2566 epitomatoribus
1260 2482 1384 2565 saepius
1408 2480 1577 2548 obscurata
1599 2485 1647 2547 est

104 2608 166 2652 nec
188 2608 313 2671 semper
334 2594 471 2666 constat,
498 2595 606 2655 utrum
633 2591 697 2656 iam
719 2594 841 2656 veteres
864 2595 1008 2654 auctores
1031 2610 1072 2654 an
1095 2589 1162 2673 ipse
1186 2589 1311 2654 demum
1333 2588 1560 2654 Eratosthenes
1583 2589 1647 2653 sin-

105 2694 199 2778 gulas
221 2693 345 2760 fabulas
367 2697 408 2762 ad
432 2697 555 2781 singula
573 2698 678 2764 sidera
696 2695 883 2781 explicanda
900 2695 1092 2762 adhibuerit.
1124 2696 1159 2760 in
1181 2701 1231 2761 tot
1252 2697 1351 2780 igitur
1373 2696 1535 2780 tantisque
1557 2693 1649 2761 dubi·

105 2800 284 2868 tationibus
311 2803 411 2869 satius
432 2804 558 2870 videtur
585 2805 625 2870 de
654 2806 712 2882 ais,
739 2826 872 2890 quorum
900 2804 1024 2888 saepius
1052 2805 1086 2868 in
1109 2803 1341 2870 Catasterismis
1364 2803 1482 2868 mentio
1504 2803 1650 2880 occurrit,

105 2909 290 2976 auctoribus
313 2911 498 2994 explicatius
520 2932 627 2994 agere,
655 2913 748 2978 simul
769 2934 844 2978 vero
873 2933 934 2996 quo
962 2919 1105 2994 temporo
1128 2910 1251 2995 singula
1274 2912 1380 2977 sidera
1403 2911 1531 2978 Graecis
1558 2911 1649 2977 inno-

106 3017 230 3082 tuerint
251 3038 272 3082 a
297 3017 451 3103 quibusve
477 3017 593 3084 fabulis
616 3020 770 3102 originem
794 3019 965 3097 deducant,
993 3023 1147 3103 quantum
1174 3017 1244 3083 fieri
1270 3024 1388 3103 potest,
1415 3019 1649 3086 accuratissime

108 3146 273 3209 exponere.
425 3193 427 3200 ,
1636 3191 1639 3202 .

199 3232 321 3316 Agmen
345 3234 440 3298 ducat
458 3232 660 3312 Hesiodum
684 3233 752 3300 eius
776 3235 860 3299 enim
881 3233 1009 3299 nomino
1028 3225 1243 3319 λίστρονομία
1266 3233 1404 3310 extabat,
1427 3253 1517 3318 quae,
1539 3254 1648 3319 quam-

109 3360 204 3424 quam
222 3339 263 3404 ab
277 3338 416 3405 Hesiodo
434 3341 577 3425 plerique
596 3362 666 3406 eam
684 3340 881 3407 abiudicassa
899 3342 1057 3417 videntur,
1074 3346 1181 3405 tamen
1199 3341 1282 3406 inter
1301 3341 1441 3406 carmina
1458 3339 1649 3422 astrologica

109 3449 202 3530 longe
224 3446 471 3512 vetustissimum
495 3454 571 3514 erat.
596 3454 857 3514 commemoratur
879 3446 1088 3514 aPlutareho
1111 3447 1151 3512 de
1173 3446 1306 3532 Pythiae
1329 3447 1463 3512 oraculis
1484 3469 1515 3532 p.
1533 3446 1600 3513 402
1613 3447 1647 3513 F.

111 3545 186 3618 οὐδ’
214 3543 434 3639 ἀστρολογίαν
463 3546 667 3640 ἀδοξοτέραν
695 3552 858 3642 ἐποίησαν
881 3551 914 3620 ol
935 3555 1013 3642 περὶ
1036 3546 1247 3640 Ἀρίσταρχον
1270 3554 1327 3618 καί
1354 3548 1528 3640 Τιμόχαριν
1537 3553 1564 3640 ¹)
1591 3555 1649 3619 καί

110 3653 320 3746 Ἀρίστυλλον
342 3661 400 3726 καὶ
415 3652 600 3748 Ἵππαρχον
622 3657 854 3750 καταλογάδην
876 3657 1075 3748 γράφοντες,
1098 3659 1135 3726 ίν
1157 3659 1289 3746 μέτροις
1306 3655 1475 3746 πρότερον
1494 3651 1647 3742 Εὐδόξου

111 3768 166 3832 καὶ
188 3758 341 3833 Ἠσιόδου
368 3769 425 3833 καὶ
455 3771 567 3834 Θαλοῦ
593 3766 797 3856 γραφόντων
825 3769 859 3854 (1.
881 3764 1131 3856 γεγραφότων);
1157 3773 1324 3851 praeterea
1351 3766 1391 3832 ab
1415 3767 1579 3834 Athenaeo
1601 3767 1648 3832 XI

112 3897 141 3958 p.
167 3874 228 3941 491
260 3873 297 3952 G,
329 3875 384 3940 ubi
416 3879 538 3942 cont-ius
571 3868 590 3942 ὃ
618 3869 680 3965 τὴν
709 3876 755 3955 εἰς
777 3870 931 3942 Ἡσίοδον
959 3868 1213 3962 ἀναφερομένην
1240 3870 1382 3964 ποιήσας
1410 3865 1647 3960 Ἀστρονομίαν

113 3986 369 4047 commemoratur
391 3983 549 4067 triumque
572 4005 733 4064 versuum,
760 3984 814 4070 qui
838 3985 878 4050 de
901 3984 1046 4050 Pliadum
1069 3983 1118 4048 vel
1141 3989 1177 4048 ut
1203 3982 1269 4048 illic
1291 3988 1456 4058 vocantur,
1482 3981 1648 4047 Peliadum

113 4107 223 4154 occasu
239 4095 346 4188 agunt,
365 4088 501 4156 frustula
518 4092 733 4175 adponuntur;
752 4091 794 4158 ad
813 4092 946 4158 eandem
963 4091 1111 4156 carminis
1128 4095 1254 4174 partem
1271 4087 1400 4172 respicit
1415 4088 1536 4154 Plinius
1555 4086 1593 4153 N.
1608 4087 1647 4152 Η.

113 4194 218 4260 XVIII
245 4195 319 4261 213.
351 4197 486 4283 denique
517 4199 552 4264 in
583 4198 710 4264 scholiis
742 4199 868 4265 Arateis
900 4219 927 4266 v.
953 4199 1016 4266 172
1046 4203 1077 4263 et
1100 4197 1166 4261 254
1197 4203 1349 4281 quattuor
1381 4217 1502 4272 versus,
1534 4193 1648 4280 quibus

115 4303 256 4388 Hyadum
287 4305 414 4369 nomina
446 4311 682 4383 enumerantur,
715 4313 839 4372 servata
870 4310 957 4382 sunt;
989 4305 1154 4388 exscripsit
1185 4305 1245 4371 hoc
1271 4303 1425 4370 scholium
1452 4303 1579 4368 Taetzes
1606 4303 1648 4368 ad

116 4409 203 4494 Oper.
226 4417 259 4476 et
281 4410 356 4475 Dies
379 4413 453 4478 382.
486 4412 565 4478 Chil.
588 4413 651 4478 XII
672 4413 744 4480 169.
767 4413 847 4478 haec
869 4415 967 4497 igitur
985 4414 1025 4479 de
1043 4410 1208 4478 Pliadibus
1226 4409 1453 4496 Hyadibusqne
1471 4409 1649 4495 fragmenta

117 4517 178 4585 sola
199 4539 238 4584 ex
260 4517 391 4584 Hesiodi
409 4518 612 4586 Astronomia
629 4519 747 4586 dmente
766 4521 962 4588 adferuntur.
986 4527 1021 4586 at
1038 4521 1103 4584 alia
1121 4539 1254 4604 quoque,
1273 4538 1354 4602 quae
1372 4517 1504 4586 Hesiodi
1522 4517 1648 4584 nomine

117 4631 234 4694 servata
256 4631 343 4704 sunt,
369 4627 411 4692 ad
437 4627 522 4694 idam
544 4649 670 4694 carmen
693 4629 831 4695 editores
854 4627 1100 4713 fragmentorum
1125 4626 1354 4692 Hesiodeorum
1378 4625 1583 4704 rettulerunt,
1611 4645 1649 4692 ea

117 4734 255 4810 maxime,
287 4754 369 4818 quae
399 4733 433 4800 in
462 4731 695 4802 Gatasterismis
726 4741 850 4802 extantr
881 4741 977 4822 atque
1008 4755 1079 4801 cum
1110 4740 1224 4819 qnater
1254 4731 1412 4800 Hesiodus
1442 4734 1476 4798 in
1504 4731 1647 4800 Cataste·

199 4933 219 5000 ι)
237 4931 279 4987 De
303 4929 496 4988 Timocharide
519 4937 548 4988 et
569 4931 702 5004 Aristyllo
725 4931 760 4987 cf.
784 4931 869 4988 schol.
893 4935 971 4988 Atat,
995 4947 1019 4986 r.
1043 4931 1095 4986 269
1120 4947 1147 5002 p.
1168 4931 1211 4997 75,
1225 4931 1267 4985 39.
1301 4928 1489 4984 Ptolomaeum
1512 4929 1646 4986 Mathem.

120 5025 179 5092 synt.
198 5021 250 5077 vn
269 5040 296 5093 p.
316 5021 375 5077 164Μ
396 5021 489 5092 Haupt
508 5021 557 5092 Op.
578 5023 619 5078 111
638 5040 664 5092 p.
683 5023 745 5077 361.
