3920 5806
325 391 389 459 208

460 569 596 636 XXXIX
619 569 833 636 Sacrarium
856 593 885 654 p.
910 570 984 648 177,
1003 569 1032 634 2.
1057 569 1109 656 (ct.
1133 568 1251 636 Catast.
1276 569 1388 653 fragm.
1411 592 1441 654 p.
1467 570 1530 635 182
1540 569 1578 656 s.)

460 677 639 744 Sacrarium
671 700 805 762 namque
833 682 881 742 est
913 679 1037 761 signum
1068 676 1289 760 navigantibus
1321 679 1586 762 percontrarium,
1617 675 1712 759 quod
1748 674 1913 756 sequitur

373 785 553 868 Scorpionis
582 785 723 850 caudam.
757 784 842 868 quod
865 785 993 867 quidam
1015 785 1101 850 inter
1123 791 1209 848 astra
1232 784 1428 850 cerrloeatum
1451 786 1574 860 dicunt,
1601 783 1689 866 quod
1721 783 1762 846 in
1792 801 1836 847 eo
1864 781 1913 844 dii

367 893 511 972 paruum
533 899 642 956 mutuo
671 893 920 957 coniurationem
943 891 1098 974 fecerunt,
1126 911 1195 954 eune
1219 890 1307 954 Iouis
1329 895 1442 956 ceretro
1465 891 1643 956 Saturnum
1664 891 1770 972 fecit.
1817 887 1914 970 qued

375 1001 542 1064 memoriae
565 1019 630 1062 non
652 998 754 1063 solum
777 998 876 1062 astris
893 999 1040 1077 tutatum,
1064 997 1119 1061 sed
1142 999 1237 1062 etium
1255 998 1434 1092 bominibus
1450 997 1507 1062 boe
1524 997 1637 1062 bebere
1654 997 1912 1072 instituerunt,

374 1105 460 1188 puod
486 1109 516 1169 et
544 1106 579 1168 iu
607 1106 763 1186 aponibus
790 1109 819 1168 et
846 1105 882 1168 in
906 1104 992 1169 ludis
1015 1104 1306 1187 quinquennalibus
1329 1125 1463 1169 coronae
1491 1105 1646 1169 lenirentur
1673 1109 1719 1170 eet
1754 1103 1915 1184 foederis
1945 1119 1946 1171 t

372 1216 478 1276 testem
507 1211 697 1287 adhiberent.
733 1212 868 1293 demque
889 1215 977 1276 uates
996 1231 1055 1291 per
1084 1231 1240 1294 prosper
1262 1213 1366 1293 ipnem
1388 1212 1502 1293 futma
1525 1213 1769 1294 responderent
1798 1215 1832 1274 et
1855 1211 1913 1274 leis

374 1319 514 1400 pmposis
542 1317 685 1382 domibus
707 1321 967 1382 consonaverunt
994 1325 1027 1382 et
1054 1318 1137 1383 idern
1165 1317 1286 1402 Iupiter
1314 1320 1439 1402 igneum
1467 1319 1527 1385 sibi
1555 1321 1719 1396 velamen,
1754 1339 1805 1382 ne
1836 1319 1909 1381 eius

376 1425 541 1490 fulminum
568 1425 712 1518 petentia
735 1423 1034 1508 deprehenderetur,
1057 1424 1211 1491 adhibuit.

463 1531 536 1596 XLI
561 1530 700 1597 Corvus
723 1553 752 1614 p.
778 1531 890 1606 180‚3
914 1530 967 1616 (cf.
991 1529 1108 1596 (latest
1132 1531 1242 1614 fragm.
1266 1555 1294 1616 p.
1322 1533 1384 1598 188
1395 1533 1434 1620 s.)
1945 1603 1946 1612 ,

448 1639 526 1717 -Qui
546 1659 656 1702 cerrus
676 1638 747 1702 ideo
766 1639 851 1704 inter
869 1645 957 1703 astra
974 1639 1154 1703 conlocatus
1173 1639 1297 1716 dicitur,
1320 1660 1357 1704 eo
1376 1641 1460 1724 quod
1483 1639 1581 1706 fuerit
1603 1642 1635 1706 in
1655 1639 1776 1706 tutela
1799 1639 1904 1721 Apol-

376 1746 450 1810 linis
478 1753 511 1810 et
538 1745 578 1809 ab
607 1766 645 1810 eo
672 1745 785 1810 missus
808 1747 849 1810 ad
872 1745 991 1810 sontem
1015 1747 1187 1828 quendem,
1217 1747 1303 1828 quod
1324 1746 1389 1826 fuit
1412 1751 1547 1825 earnem,
1571 1752 1760 1829 aretequam
1786 1746 1902 1809 uiuum

378 1853 600 1928 ostenderetur,
621 1859 657 1916 ut
675 1852 737 1916 diis
756 1853 797 1916 ad
816 1851 980 1917 libandum
999 1874 1112 1936 aquam
1133 1851 1279 1917 deferret.
1299 1855 1355 1936 qui
1373 1873 1443 1918 euni
1461 1854 1589 1918 uidisset
1607 1855 1750 1918 arbores
1765 1871 1901 1934 pressos
1945 1901 1946 1974 1

376 1959 455 2039 riuis
482 1959 641 2038 babentes,
672 1959 787 2024 uolans
809 1959 948 2024 emnedit
970 1961 1006 2022 in
1028 1960 1086 2038 eis,
1115 1959 1213 2046 donce
1233 1965 1380 2026 maturae
1402 1961 1527 2041 fierent,
1557 1967 1589 2026 et
1611 1981 1736 2043 aquam
1766 1957 1898 2022 deterre
1945 1983 1946 2037 ι

380 2066 603 2153 distuleritffi)
628 2071 702 2150 post
718 2085 843 2146 paucos
866 2070 970 2130 autem
993 2066 1060 2129 dies
1079 2070 1208 2146 perede
1231 2068 1389 2149 sacrificio
1411 2071 1441 2131 et
1462 2067 1518 2132 iile
1539 2069 1620 2149 fieus
1642 2066 1802 2132 comedit.
1829 2083 1897 2126 eam
1945 2077 1946 2117 ι

338 2187 339 2190 ’
379 2175 524 2238 sensisset
552 2193 584 2237 se
606 2173 667 2238 diis
690 2193 849 2256 peccasse,
876 2173 979 2237 denuo
1006 2173 1048 2236 ad
1075 2172 1207 2251 fontem,
1234 2181 1271 2238 ut
1298 2196 1412 2258 aquam
1438 2175 1594 2252 hauriret,
1621 2173 1767 2238 redierit
1799 2177 1835 2234 et
1858 2169 1896 2232 ab

379 2280 459 2365 ydra
486 2281 655 2344 exterritus
681 2301 736 2344 ras
765 2300 893 2344 vacuum
923 2280 1186 2364 reportaveritll)
1210 2281 1316 2344 dicens
1337 2282 1487 2346 reddisse
1510 2303 1643 2364 aquam,
1674 2301 1769 2364 puae
1793 2277 1894 2359 suerit

379 2388 416 2451 in
438 2385 533 2467 sonte.
567 2388 745 2469 reeopnitus
763 2386 934 2473 Apolle¹⁸)
958 2386 1018 2450 sibi
1042 2408 1170 2451 eorsum
1193 2389 1396 2469 peccassem)
1420 2387 1590 2452 inhibitum
1613 2389 1642 2451 ei
1665 2387 1708 2450 ab
1737 2383 1893 2468 Apolline
1945 2412 1946 2445 ι

381 2493 451 2570 fuit,
474 2499 510 2556 ut
532 2514 647 2575 aquam
670 2515 707 2557 ee
731 2499 873 2576 tempore
897 2493 942 2557 ad
959 2513 1101 2573 paucum
1125 2499 1246 2573 tempus
1268 2514 1329 2556 non
1354 2493 1444 2559 bibat
1469 2533 1507 2543 —
1532 2500 1567 2560 ut
1589 2492 1792 2559 Aristoteles
1817 2490 1891 2552 dicit

381 2601 416 2664 iu
438 2621 473 2664 ea
497 2599 587 2678 libro,
612 2601 669 2680 qni
692 2600 730 2664 de
753 2601 857 2664 bestiis
879 2600 1038 2678 scribitur,
1063 2601 1135 2664 item
1158 2600 1307 2664 Isidorus
1329 2602 1364 2664 iu
1385 2601 1592 2668 encratitas
1614 2601 1650 2666 id
1671 2606 1719 2664 au
1741 2596 1892 2680 physicis

329 2741 330 2746 .
382 2709 547 2771 menemus
575 2708 712 2772 tradidit
736 2745 777 2754 —-
801 2711 837 2770 ut
865 2707 932 2786 ipse
948 2709 1090 2787 peccetis
1109 2728 1230 2787 poenas
1253 2707 1355 2773 daret.
1390 2728 1480 2792 quem
1498 2713 1611 2790 pastea
1634 2709 1738 2772 astris
1764 2703 1888 2770 tmere.

427 2813 568 2896 Denique
592 2815 686 2878 semel
712 2814 759 2877 vel
783 2815 893 2877 eadem
917 2813 1025 2880 tabula
1046 2814 1096 2879 bis
1120 2820 1268 2878 narratur
1286 2815 1421 2898 primum
1441 2836 1479 2879 ex
1497 2815 1743 2890 Basilcensibus‚
1771 2809 1888 2876 deinde
1945 2816 1946 2827 ¹

338 2943 376 2986 ex
403 2919 724 3003 Sangerrnanensibus
751 2922 916 3004 exscripta.
949 2943 1045 2986 eausa
1072 2928 1119 2986 est
1146 2921 1230 3006 quod
1258 2921 1292 2986 in
1314 2922 1546 2987 Basileensibus
1570 2922 1649 2986 haec
1675 2919 1796 2986 fabula
1825 2926 1885 2981 tam
1945 2988 1946 3003 χ

337 3033 487 3111 corrupta
513 3049 551 3091 ac
577 3028 610 3091 ni
633 3027 728 3093 fallor
749 3028 799 3092 vel
822 3015 1118 3111 interpolationibus
1142 3027 1319 3094 deformata
1341 3029 1470 3113 legitur,
1496 3036 1534 3094 ut
1555 3027 1699 3113 prolecto
1723 3022 1881 3092 Strenuio-

339 3156 451 3200 nerum
477 3135 598 3200 auctari
626 3135 866 3199 condonandum
893 3136 947 3211 sit,
975 3136 1059 3218 quod
1087 3155 1149 3199 non
1177 3135 1333 3201 intellexit
1355 3137 1487 3201 eandem
1514 3159 1596 3214 esse,
1626 3157 1722 3220 qnam
1747 3132 1884 3214 Sangar-

337 3243 500 3308 manensIa
518 3241 680 3318 haberent,
702 3243 889 3326 praesertim
907 3263 977 3307 anm
996 3242 1049 3306 ille
1068 3241 1308 3308 Catasterismes
1327 3243 1440 3326 legisse
1458 3263 1521 3308 non
1539 3243 1691 3309 videatur.
1716 3246 1769 3307 est
1790 3259 1828 3303 ea
1846 3236 1881 3298 de

339 3349 446 3415 Pisce
468 3370 600 3434 magno
623 3348 791 3414 XXXVIII
813 3371 842 3432 p.
870 3348 981 3425 176‚o
1005 3347 1057 3434 (of.
1082 3347 1198 3413 Catast.
1222 3349 1332 3432 fragm.
1355 3372 1385 3433 p.
1410 3349 1536 3436 180s.):

471 3457 570 3522 Pisais
593 3477 668 3540 ergo
686 3477 825 3540 magnus,
849 3456 936 3521 euius
955 3461 1084 3539 nepotes
1104 3456 1252 3520 dicuntur
1270 3457 1380 3540 pisces,
1398 3457 1452 3538 qui
1470 3457 1504 3520 iu
1523 3455 1650 3522 zodiaco
1669 3454 1791 3520 circulo
1810 3469 1878 3514 cou-

384 3561 487 3626 stituti
514 3567 601 3640 sunt,
633 3562 749 3626 dieitur
772 3563 855 3627 inter
878 3568 965 3627 astra
988 3562 1180 3639 conlocatus,
1209 3584 1245 3628 eo
1268 3563 1353 3648 quod
1377 3562 1590 3650 decidente20)
1614 3564 1646 3626 in
1668 3554 1878 3636 boeeinice²¹)

385 3674 496 3753 stagno
519 3668 726 3756 quaedam22)
750 3668 913 3756 facetis²³)
933 3666 1000 3734 filia
1018 3669 1148 3734 Veneris
1168 3674 1196 3734 et
1214 3669 1250 3733 iu
1263 3668 1431 3756 pisceufl)
1450 3669 1491 3734 sit
1510 3670 1757 3752 trausfipurotu,
1784 3681 1876 3749 quum

431 3811 464 3875 Ν)
493 3809 631 3863 detulerit
663 3816 692 3864 et
719 3826 781 3864 mox
808 3809 920 3864 redierit
947 3811 965 3865 S
993 3827 1027 3865 ox
1055 3811 1092 3878 (ἃς
1121 3810 1280 3880 Breysigius
1310 3827 1361 3864 aon
1395 3811 1516 3865 debebat
1543 3811 1570 3864 ia
1600 3809 1708 3864 distulit
1737 3842 1770 3850 —
1798 3803 1875 3860 rediit

342 3898 487 3968 cordgere.

433 3989 464 4050 Π)
482 3989 664 4057 reportaverit
681 3987 780 4056 scripsi
800 4003 834 4041 ex
854 3987 885 4042 G.
905 3994 1060 4056 reportaret
1077 3990 1103 4043 S.
1121 3990 1273 4058 reportarat
1291 3993 1316 4060 β.

432 4079 464 4143 ¹⁸)
481 4077 639 4146 recopnitus
666 4077 777 4144 Apollo:
806 4074 947 4146 reeopnitu
970 4078 1069 4143 (scribe
1092 4094 1122 4131 re
1145 4080 1266 4147 capuita)
1294 4077 1394 4145 Apollo
1414 4079 1444 4132 B.
1473 4078 1637 4132 schoIIornm
1660 4075 1872 4132 StrozzIenorum

342 4173 437 4221 auctor
464 4168 516 4221 hoc
540 4165 663 4220 mutarit.
692 4165 932 4234 interpolatIoaem
956 4167 1074 4236 perfecit
1098 4167 1119 4221 U
1145 4182 1308 4236 acquescens
1326 4168 1434 4235 Apollo.
1476 4167 1635 4236 Breysigius
1657 4183 1687 4220 rc
1710 4165 1820 4234 capuita
1841 4156 1871 4210 ab

342 4256 479 4324 Apolline.

433 4345 464 4413 ¹⁹)
483 4343 576 4400 Verba
594 4343 645 4399 orbi
664 4361 774 4399 emaum
791 4359 917 4414 peccasse
936 4361 996 4400 cum
1016 4361 1105 4414 aeque
1125 4345 1152 4400 ta
1173 4347 1194 4398 13
1213 4361 1303 4414 neque
1322 4344 1389 4399 InG
1408 4351 1512 4410 extent,
1531 4345 1566 4398 ab
1585 4344 1645 4413 Ipso
1659 4343 1867 4399 Strerzianorum

342 4437 454 4488 euemre
473 4434 569 4490 addite
588 4449 648 4490 esse
667 4433 803 4489 rideatur.

432 4523 467 4590 ²⁰)
486 4523 640 4578 decidente:
659 4522 827 4578 deudemem
842 4523 874 4578 (I.

433 4613 465 4677 ¹¹)
485 4612 632 4667 boeeim'ce:
650 4614 781 4667 berenice
798 4613 830 4667 G.

434 4699 467 4767 ⁸¹)
485 4701 623 4770 quaedam
641 4705 659 4757 S
678 4719 738 4757 cum
758 4701 995 4772 sangallensibus:
1016 4701 1140 4771 quadam
1158 4701 1190 4757 G.
1210 4701 1352 4771 quondam
1370 4705 1395 4775 β.

433 4789 467 4856 ²³)
485 4790 595 4855 saedis:
616 4791 713 4857 [aceras
732 4793 784 4846 BP.

433 4879 465 4946 ²⁴)
485 4881 627 4935 Verbeia
641 4882 743 4948 meere
762 4897 779 4935 a
797 4880 1013 4970 Sipozzianornm
1038 4887 1150 4936 anctore
1169 4881 1265 4936 addIte
1289 4898 1349 4935 esse
1375 4881 1432 4936 dlxi
1457 4883 1491 4936 ad
1511 4880 1764 4936 Catasterisrnorum
1782 4877 1862 4942 fraga

345 4986 362 5038 p
392 4969 450 5023 180.
