3908 5802
1515 507 1557 570 43

58 683 102 754 τόν
116 685 281 756 Διόνυσον·
306 687 435 766 ἐκείνας
458 687 493 752 δὲ
517 677 536 750 ό
556 675 637 762 Ζεύς
661 679 795 770 ἐλεήσας
817 684 1059 771 κατηστέρισεν.
1098 709 1118 770 η
1142 682 1272 770 ίστορία
1294 678 1386 770 παρὰ
1414 689 1514 769 Φερε-

56 793 132 861 ιίδει.
177 789 235 874 τὰς
265 795 328 880 μέν
360 791 657 882 κατηστερισμένας
689 789 726 856 ἐν
757 797 806 876 τῷ
837 787 983 876 μετώπῳ
1015 797 1076 856 τοῦ
1112 788 1240 876 Ταύρου
1263 784 1379 868 Ὑάδας
1411 793 1514 873 φασὶν

58 902 191 987 εἰρῆσθαι,
222 893 281 978 τὰς
314 900 350 968 δε
382 899 437 966 ἐπὶ
466 907 525 986 τῆς
550 891 714 986 ἡμιτόμου
741 902 886 982 πλευρᾶς
913 892 1080 984 Πληϊάδας
1106 902 1291 964 καλείσθω.
1342 892 1515 974 Ἄτλαντος

59 1001 97 1092 γάρ
115 1016 169 1073 τοῦ
190 1001 340 1074 Ἰαπετοῦ
362 1009 419 1073 καὶ
442 1005 572 1092 Αίθρας
596 1012 653 1092 τῆς
678 996 848 1084 Ὠκεανοῦ,
880 999 972 1070 καθά
1004 1020 1083 1092 φησι
1116 1007 1301 1086 Μουσαῖος,
1333 1005 1515 1092 θυγατέρες

61 1111 156 1180 δύδεκα
182 1117 236 1180 καλ
265 1107 339 1191 υίὸς
359 1105 442 1191 Ὕας.
488 1119 613 1178 τοῦτον
642 1109 678 1177 ἐν
706 1106 811 1194 Λιβύη
838 1117 1086 1196 κυνηγετοῦντα
1114 1104 1190 1194 ὄφις
1221 1114 1358 1177 κτείνει·
1390 1114 1446 1177 καὶ
1479 1109 1540 1177 αίῦ

59 1221 95 1302 μὲν
117 1218 138 1284 έ
164 1213 223 1286 τόν
252 1213 400 1302 άδελφόν
426 1226 613 1306 θρηνοῦσαι
641 1210 847 1283 ἀπόλλυνται
875 1208 929 1282 διά
960 1213 1083 1304 λύπην,
1120 1209 1158 1296 ἃς
1186 1210 1228 1283 δι’
1261 1214 1377 1284 οἶκτον
1409 1241 1510 1285 κατα-

57 1329 174 1410 στερίσας
197 1320 215 1392 δ
239 1318 323 1404 Ζεύς
341 1319 458 1403 Ὑάδας
481 1322 698 1410 ἐπωνόμασεν
722 1323 894 1411 ἐπωνυμίᾳ
917 1333 980 1390 τοῦ
1003 1316 1158 1405 άδελφοῦ.
1201 1323 1235 1390 al
1259 1326 1294 1391 δὲ
1317 1321 1344 1407 ζ’
1366 1325 1514 1411 βραδέως

54 1435 96 1515 μέν
113 1437 242 1511 πλείους
267 1434 302 1500 δὲ
326 1425 562 1500 άποθανοῦσαι
585 1427 747 1518 ΙΙληϊάδες
771 1429 925 1517 εἴρηνται.
967 1427 1153 1517 Φερεκύδης
1177 1432 1223 1511 δέ,
1246 1423 1337 1498 καθά
1360 1435 1512 1519 προείρη-

54 1564 98 1616 ται,
116 1533 169 1618 τάς
183 1533 299 1618 (λ’άδας
318 1540 518 1616 Δωδωνίδας
541 1534 672 1623 νύμφας
690 1538 791 1624 φησὶν
811 1531 895 1602 εἶναι
914 1538 970 1602 καὶ
988 1533 1153 1603 Διονύσου
1171 1530 1328 1622 τροφούς,
1352 1529 1390 1617 άς
1407 1563 1513 1625 παρα-

33 1671 34 1674 “
55 1648 237 1714 καταθέσθαι
255 1638 317 1712 τόν
336 1643 501 1711 Διόνυσον
521 1639 597 1710 Ἰνοι
619 1635 673 1710 διὰ
696 1637 757 1710 τόν
769 1635 866 1728 Ἥρας
884 1640 1004 1726 φόβου,
1027 1636 1111 1709 καθ’
1131 1633 1172 1708 όν
1195 1637 1315 1730 καιρὸν
1333 1637 1435 1724 αύτάς
1457 1647 1514 1710 καλ
1525 1657 1558 1708 1ο

54 1757 217 1838 Λυκοῦργος
245 1753 391 1836 ἐδίωξεν.
438 1761 507 1818 τῶν
532 1751 567 1819 δὲ
591 1747 770 1838 Πληϊάδων
794 1743 906 1816 ούσαῦν
931 1742 1014 1816 ἑπτὰ
1041 1747 1133 1815 πάνυ
1161 1743 1308 1837 α’μαυρδς
1334 1743 1352 1816 δ
1376 1749 1515 1837 έβδομος

54 1855 131 1946 ύστὴρ
153 1860 249 1926 έστιν.
293 1853 340 1938 ὡς
362 1861 423 1946 μὲν
448 1856 579 1944 Ἄρατος
602 1857 639 1923 έν
661 1865 710 1942 τῷ
732 1849 818 1944 πρὸς
843 1853 1045 1940 Θεόπροπον
1069 1855 1247 1943 έπικηδείῳ
1270 1860 1371 1945 φησὶν
1397 1861 1514 1944 Τροίας

55 1967 262 2055 πορθουμένης
281 1959 343 2055 τὴν
362 1963 537 2053 Δαρδάνου
555 1965 677 2052 μητέρα
697 1958 869 2048 Ἠλέκτραν
887 1966 966 2048 μίαν
985 1951 1090 2029 οὖσαν
1108 1971 1179 2028 τῶν
1199 1962 1379 2050 Πληϊάδων
1397 1981 1515 2052 φυγεῖν

53 2093 76 2134 τε
98 2065 150 2158 τὴν
175 2082 246 2140 τῶν
270 2067 428 2156 άδελωῶν
452 2069 596 2138 σύνοδον
620 2074 676 2137 καὶ
703 2063 762 2148 τάς
788 2067 894 2155 κόμας
920 2067 1067 2136 λύσασαν
1091 2068 1198 2134 ἐνίοτε·
1221 2066 1369 2158 κομήτην
1393 2065 1515 2158 άστέρα

53 2179 213 2255 ηαίνεσθαι.
256 2184 336 2268 φησὶ
361 2182 394 2246 δὲ
419 2183 474 2245 καὶ
494 2173 683 2256 Ἑλλάνικος
706 2177 742 2242 έν
765 2184 814 2263 τῷ
838 2174 964 2263 πρώτῳ
987 2186 1058 2243 τῶν
1081 2169 1302 2242 Ἀτλαντικῶν
1324 2171 1384 2256 τάς
1406 2180 1467 2264 μέν
1490 2177 1513 2262 ς’
1528 2192 1559 2243 15

56 2289 125 2361 θεοῖς
145 2293 333 2366 συνελθεῖν,
362 2287 524 2374 Ταϋγέτην
548 2287 613 2363 Διὶ,
636 2274 685 2350 ιύν
707 2285 865 2369 γενέσθαι
889 2287 1136 2370 Λακεδαίμονα,
1159 2287 1272 2350 Μαῖαν
1295 2287 1360 2364 Διὶ,
1384 2278 1441 2369 ἀφ’
1465 2278 1515 2352 τόν

51 2383 148 2477 ιΕρμῆς,
165 2387 338 2480 Ἠλέκτραν·
358 2395 418 2470 Διί,
441 2382 491 2458 ὦν
509 2389 688 2478 Δάρδανος,
707 2384 886 2479 Ἀλκυόνην
906 2393 1102 2471 Ποσειδῶνι,
1122 2380 1171 2454 ιδν
1185 2383 1317 2476 Ἱριεύς,
1336 2390 1514 2481 Στερόπην

56 2491 124 2578 Ϊίρει,
140 2489 186 2564 dv
208 2497 385 2584 Οἰνόμαος
410 2491 562 2566 Κελαινώ
580 2500 767 2564 Ιίοσειδιῦνι
786 2501 841 2564 καὶ
862 2490 966 2585 αὐτὴν
985 2495 1214 2584 συγγενέσθαι,
1238 2488 1287 2563 εύν
1308 2495 1426 2577 Λύκος,
1447 2504 1513 2566 Με-

55 2601 140 2691 ρόπην
162 2607 195 2671 δέ
219 2605 362 2692 Σισύφῳ
385 2613 503 2693 θνητῷ
527 2600 611 2685 ὄντι,
635 2595 685 2672 τόν
709 2610 874 2682 Γλαῦκος·
900 2599 1031 2672 διὸκαὶ
1055 2597 1207 2691 άμαυράν
1230 2601 1324 2670 εἶναι.

120 2857 293 2920 ιΜονσαῖος
310 2857 410 2924 νοήματ’
427 2855 461 2921 cf.
480 2871 568 2924 ενμτα
583 2871 612 2922 μ.
632 2859 674 2908 13.
715 2855 828 2922 Τίμαιος
851 2854 914 2909 Ven.
933 2853 968 2908 A.
1048 2849 1128 2910 οδιδι
1147 2849 1244 2925 λύπην,
1268 2844 1301 2921 άς
1325 2855 1556 2913 λίέῦαιαοαάίιιύσ.

55 2937 89 2996 d:
110 2943 134 2997 δέ
162 2941 259 3010 λοιπάς
292 2945 354 2998 Ven.
384 2945 418 2998 A.
500 2961 511 3000 ι
534 2937 550 2997 ὁ
575 2943 685 2996 addidit
714 2943 944 2997 Wdammoitzim.
988 2940 1015 2996 αλ
1044 2943 1074 2997 δέ
1103 2940 1125 3012 ζ’
1153 2944 1280 3018 βραδέως
1306 2944 1360 3014 μὲν
1387 2947 1500 3010 πλείους
1527 2946 1555 3001 δέ

54 3025 223 3087 ἀποθανοῦσαι
249 3033 479 3087 Ψύααιοιοέίιέασ.
517 3029 545 3086 αλ
565 3031 593 3086 δὲ
613 3033 726 3095 πλείους
745 3030 872 3103 βραδέως
888 3031 942 3100 μέν
961 3029 1033 3101 πλὴν
1051 3028 1249 3089 ἀποθανοῦσαι
1275 3035 1339 3089 Vm.
1359 3037 1392 3090 A.
1425 3037 1557 3090 nimirum

57 3121 152 3180 πλείοις.
177 3123 287 3190 quoda
310 3129 459 3177 correctore
478 3121 517 3175 αδ
540 3117 612 3190 πλὴν
634 3128 704 3176 reete
728 3123 899 3189 αδεονέμίαω
923 3128 996 3192 erat,
1019 3121 1094 3187 [αλια
1117 3122 1175 3176 loco
1197 3125 1227 3176 ιἰι
1251 3131 1354 3177 tercium
1377 3131 1514 3192 receptum
1533 3119 1555 3192 ζ’

59 3223 171 3262 mederum
189 3211 250 3265 sede
268 3211 381 3279 ιπριιίὲί.
