3906 5800
209 592 322 648 XXIV.

218 677 306 754 Λύρα,

347 416 407 482 138
537 415 674 470 Errroua.
871 415 964 470 Senon
992 421 1080 470 Anac.
1100 433 1124 469 v.
1134 417 1195 481 269,
1214 433 1240 484 p.
1252 417 1293 480 75,
1303 417 1346 470 33.
1387 417 1486 470 Senon.
1507 415 1598 470 Grau.
1618 416 1669 468 BP.
1689 431 1715 482 p.
1735 415 1777 478 83,
1797 415 1844 467 21.

435 587 529 680 Αὕτη
561 589 661 679 ἐνάτη
693 608 799 678 κεῖται
835 594 872 660 ἐν
1013 587 1108 682 Αὕτη
1138 595 1173 662 δὲ
1201 619 1295 662 κατε-
1393 595 1480 660 Haec
1516 615 1598 670 nono
1629 595 1698 660 looo
1729 596 1838 676 posita

388 714 458 778 τοῖς
476 694 619 786 άστροις,
639 697 708 768 ἔστι
727 702 762 767 δὲ
781 706 871 768 Μου-
970 700 1141 790 σκευάσδη
1159 703 1220 786 μὲν
1238 695 1295 785 ὑφ’
1350 707 1397 766 eat
1428 703 1497 784 lyra
1528 701 1704 778 Musarum,
1740 723 1838 785 quam

387 817 466 876 σῶν.
495 805 749 896 κατεσκευάσθη
773 809 808 874 δὲ
831 801 871 876 τὸ
966 803 1085 895 Ἑρμοῦ
1103 818 1243 896 πρῶτον
1258 808 1295 874 ἐκ
1349 808 1440 873 initio
1478 807 1553 874 fecit
1585 807 1759 873 Mercurius
1795 831 1838 872 ex

385 916 446 1001 μὲν
465 923 604 1002 πρῶτον
618 907 685 982 ὑπὸ
697 907 816 1002 Ἑρμοῦ
834 917 871 984 ἐκ
968 925 1027 1004 τῆς
1039 913 1187 1004 χελώνης
1198 912 1295 983 ἓπτά-
1350 916 1509 980 testudine
1542 919 1574 980 et
1605 914 1644 978 de
1677 915 1838 999 Apollinis

360 1031 444 1110 στῆς
455 1019 601 1110 χελώνης
611 1024 748 1088 καὶτῶν
757 1016 871 1090 Ὰπάλ-
943 1033 960 1087 5
967 1026 1088 1110 χορδος
1130 1016 1197 1090 άπὸ
1234 1031 1296 1090 τοῦ
1350 1022 1464 1088 bovum
1474 1022 1621 1088 cornibus
1635 1023 1865 1107 intenditquefi
1945 1045 1946 1084 t

387 1135 495 1207 λωνος
517 1135 619 1211 βοῶν,
643 1126 714 1213 ἔσχε
739 1132 772 1197 δί
795 1155 870 1218 χορ-
970 1124 1117 1217 άριδμοῦ
1140 1139 1211 1196 τῶν
1231 1123 1294 1197 ν’λτ-
1350 1129 1476 1195 chordis
1495 1135 1615 1212 septem
1633 1129 1836 1194 Atlantidum

388 1229 447 1313 δάς
468 1229 550 1302 ἑπτά
570 1229 638 1302 dxi>
657 1245 727 1302 τῶν
742 1231 870 1304 ν’λτλαν-
969 1239 1147 1304 λαντίδοννΙ
1205 1237 1296 1324 μετέ-
1350 1257 1489 1301 numero.
1516 1235 1836 1320 quamposteodpol·

386 1345 499 1410 τλδονν.
536 1342 747 1429 perdididerit
767 1337 871 1432 αὐτὴν
968 1351 1047 1427 λαβε
1076 1346 1110 1412 δὲ
1141 1338 1246 1434 αὐτὴν
1276 1339 1294 1412 ὁ
1350 1343 1407 1407 lini
1432 1343 1547 1420 daun,
1570 1343 1611 1410 ab
1634 1344 1689 1408 illo
1708 1344 1837 1427 Orpheo

391 1443 557 1518 Ἀπόλλων
586 1453 642 1516 καὶ
665 1448 870 1536 σοναρμοσά-
947 1445 1143 1520 ·’πόλλονν
1161 1455 1217 1518 καὶ
1233 1446 1297 1538 Ὀρ-
1350 1451 1472 1527 δίαιται,
1522 1449 1677 1534 Calliopes
1726 1450 1838 1516 Musae

342 1569 377 1622 10
385 1581 485 1643 μενος
504 1549 595 1642 dclv
614 1549 724 1642 Ὀρφεῖ
736 1554 872 1638 ἔδωκεν,
927 1573 960 1626 10
970 1573 1028 1642 φεῖ
1039 1559 1246 1646 παρέδωκεν,
1261 1550 1297 1636 ὃς
1350 1555 1424 1622 filio.
1474 1557 1607 1623 chordas
1635 1556 1728 1622 v1111
1761 1558 1839 1623 fecit
1850 1568 1884 1620 10
1945 1581 1946 1670 η

388 1656 424 1742 ὃς
433 1659 624 1750 Καλλιόπης
638 1657 710 1742 vide
725 1660 784 1747 ὧν,
797 1675 873 1751 μιᾶς
971 1663 1191 1752 ἐννεάχορδον
1206 1665 1296 1731 lacot-
1350 1685 1525 1729 auumero
1552 1663 1722 1730 Musarum.
1781 1667 1838 1748 qui

385 1779 456 1836 τῶν
474 1774 634 1851 Μουσῶν,
662 1771 796 1859 ἐποίησε
814 1766 873 1851 τὰς
970 1792 1049 1862 ηοεν
1087 1765 1191 1860 αὐτὴν
1229 1765 1295 1839 άπὸ
1350 1777 1472 1836 tautam
1504 1771 1740 1837 multitudinem
1770 1772 1837 1836 eius

384 1871 506 1965 χορδὰς
520 1877 617 1943 ἐννέα
636 1871 704 1944 άπδ
722 1888 784 1945 τοῦ
802 1888 872 1946 τῶν
969 1889 1032 1947 τοῦ
1054 1888 1125 1946 τῶν
1148 1884 1296 1946 Μουσῶν
1350 1879 1517 1962 expressit,
1558 1885 1594 1943 ut
1630 1881 1672 1944 ad
1707 1885 1837 1945 cantum
1945 1885 1946 1918 l

387 1989 536 2051 Μουσῶν
546 1977 694 2071 άριδμοῦ
703 1989 760 2052 καὶ
769 1984 872 2074 προή-
972 1981 1127 2074 άριδμοῦ.
1349 2007 1427 2050 saxa
1443 1984 1574 2051 arbores
1592 1985 1737 2071 ferasque
1756 1987 1838 2052 mul-

344 2103 486 2177 15γαγεν
514 2089 569 2157 ἐπὶ
595 2092 710 2172 πλέον,
743 2092 780 2157 ἐν
803 2107 873 2170 τοῖς
1350 2101 1435 2160 oeret
1458 2093 1669 2176 traheretque.
1849 2103 1882 2156 15

388 2191 586 2282 ἀνθρώποις
654 2195 873 2285 δοξαζόμενος
949 2245 950 2248 ¹

388 2297 506 2385 οὕτως,
530 2295 616 2370 diors
632 2307 688 2372 καὶ
702 2299 873 2393 ὑπόληψιν

390 2409 475 2496 ἔχειν
494 2413 571 2496 περὶ
585 2403 690 2478 αὐτοῦ
704 2409 873 2500 τοιαύτην,

389 2511 442 2586 ὅτι
464 2510 598 2595 καὶτὰς
616 2517 739 2606 πέτρας
758 2521 814 2585 καὶ
832 2512 874 2586 τὰ

346 2638 381 2692 20
391 2629 494 2714 θηρία
508 2621 618 2712 ἐκήλει
633 2618 687 2692 διὰ
701 2634 759 2714 τῆς
777 2619 873 2712 ᾠδῆς.

459 2821 551 2876 XXIV
570 2821 756 2876 Tasmuoru.
963 2841 981 2880 1.
997 2841 1009 2878 a
1028 2819 1248 2892 κατεσκευάσθη
1268 2825 1297 2879 V.
1385 2839 1406 2878 a.
1426 2839 1439 2877 r
1462 2838 1496 2877 ex
1520 2823 1658 2877 testudine
1681 2822 1881 2892 Kieoaliayius:

344 2910 673 2965 Mandroclem-330.
689 2909 872 2964 V325-329.
927 2911 1177 2982 κατεσκευασμένη
1187 2913 1228 2967 Μ.
1249 2908 1297 2967 iu·
1351 2912 1385 2966 de
1405 2910 1609 2966 extensitudine
1627 2911 1687 2966 BP.
1707 2913 1742 2967 de
1766 2917 1880 2967 extensa

378 2999 475 3054 Acten.
491 3016 514 3052 ο.
530 3001 593 3052 318.
621 2999 672 3052 Est
691 3000 790 3070 Chelys
808 2999 873 3054 iude
927 2997 1062 3072 τάχορδος
1077 3000 1106 3056 δὲ
1122 2991 1244 3071 ἤναδτη,
1264 2993 1298 3072 ἢν
1351 2999 1489 3055 testudine
1505 3017 1528 3054 ε.
1583 3001 1880 3068 σ.οσλ)ἰ1108σνδμνὲ;

344 3089 457 3154 debinc,
505 3095 600 3142 tenero
642 3104 696 3156 qua
737 3088 803 3142 lusit
844 3088 873 3143 iu
922 3083 1025 3160 Ἑρμῆς
1034 3087 1096 3145 κατ’
1107 3087 1231 3161 ἀριθμὸν
1241 3097 1298 3148 τῶν
1351 3089 1400 3144 alii
1419 3088 1479 3142 BP.
1558 3105 1584 3145 ra
1603 3089 1818 3144 multitudinem:
1840 3091 1878 3142 ita

344 3194 412 3234 aevo
430 3176 440 3250 β
458 3175 626 3242 Mercurius,
649 3193 733 3232 curra
752 3177 873 3246 religans
927 3183 1076 3248 πλανητῶν
1112 3177 1143 3234 ἐν
1173 3175 1298 3252 χελώνης
1350 3178 1442 3232 reddit
1479 3173 1646 3249 προήγαγεν
1682 3176 1729 3234 ἐπὶ
1765 3177 1876 3234 πλέον.

344 3266 483 3322 testudine
502 3266 626 3330 chordas,
646 3265 655 3336 β
673 3273 704 3320 ut
721 3267 873 3322 Parnasseo
926 3264 1297 3332 κατασκενάοαςλπόλλωνι
1352 3266 1551 3322 mollitudinem
1570 3288 1592 3324 ε.

343 3373 441 3412 munus
490 3354 668 3410 memorabile
713 3355 846 3412 Phoebo
865 3355 874 3428 ll
927 3351 1296 3429 δέδοκεν,ὁδὲ’ορφεῖκτλ.

342 3446 475 3502 formaret
488 3443 579 3499 nervia
594 3443 687 3513 opifex
702 3444 777 3498 deus.
801 3444 873 3499 hanc
926 3447 1072 3502 Bekkctus.
1118 3465 1141 3503 τι
1151 3443 1298 3519 ἐννεάχορ-

344 3535 392 3591 ubi
402 3551 508 3590 rursum
518 3533 528 3603 ll
538 3539 685 3588 concentus
696 3531 790 3603 superi
801 3549 872 3587 com·
927 3537 976 3590 δον
994 3537 1041 3590 M:
1062 3532 1232 3608 ἐννάχορδον
1250 3539 1281 3593 V.

342 3623 430 3694 plevit
457 3623 572 3692 pulcher
595 3623 708 3691 Apollo,
731 3622 740 3692 ll
763 3622 874 3692 Orphea

343 3715 498 3782 Pangaeo
508 3711 602 3767 docuit
615 3718 724 3780 gestare
739 3713 790 3767 sub
803 3718 889 3767 antro.
900 3713 909 3785 ll
919 3713 963 3767 hie
979 3729 1042 3768 narn
1057 3714 1104 3768 fila
1119 3731 1214 3770 novem
1230 3717 1311 3776 docta
1325 3720 1354 3774 in
1368 3717 1553 3773 modulamina
1567 3715 1659 3781 movit,
1669 3715 1678 3784 β
1688 3716 1829 3770 Musarum
1843 3715 1876 3769 ad

343 3803 464 3874 speciem
479 3801 560 3856 Musa
574 3807 650 3855 satus
665 3801 737 3870 ipse;
752 3801 894 3873 repertoril
904 3802 1025 3857 carmina
1035 3803 1176 3859 Pleiadum
1191 3825 1303 3864 numero
1313 3809 1473 3865 deduxerat.
1501 3812 1531 3861 at
1540 3822 1600 3860 cum
1611 3805 1619 3875 li
1629 3804 1715 3874 impia
1725 3803 1874 3858 Bassari-

343 3893 416 3947 dum
431 3889 580 3961 carpsisset
590 3891 705 3945 dextera
719 3897 818 3957 vatem,
828 3891 837 3960 β
848 3897 875 3944 et
890 3892 988 3947 devota
1002 3891 1090 3948 virum
1104 3901 1212 3964 tegeret
1225 3897 1391 3953 Libethra
1405 3903 1584 3967 peremptum,
1594 3895 1604 3966 ll
1614 3893 1708 3948 intulit
1718 3895 1788 3950 hauc
1802 3893 1873 3949 caelo

344 3982 489 4038 miseratus
508 3978 614 4049 Iupiter
633 3986 721 4036 artem
738 3979 747 4050 ll
765 3979 934 4049 praestantis
953 3981 1068 4049 iuvenis,
1087 3985 1207 4053 pecudes
1226 3987 1273 4056 qui
1292 3993 1321 4042 et
1339 3987 1452 4042 flumina
1470 3993 1547 4040 vates
1565 3984 1574 4055 β
1592 3983 1715 4039 flexerat.

378 4071 488 4126 Εαδοο.
503 4086 533 4138 p.
552 4071 620 4124 280.

378 4153 1873 4234 sexulcdvsslnd).lwvocssodvcerbavoldeauspecto‚qutbaasruatraputroetnottu·Heyniusaddpollod.
1945 4207 1946 4230 ,

344 4250 452 4316 11110,
462 4253 490 4312 2,
503 4252 519 4300 4
526 4253 591 4316 post
605 4251 652 4302 καλ
662 4249 758 4302 iubeas
767 4249 853 4302 imeri
862 4245 896 4302 ἐκ
905 4253 962 4302 τῶν
969 4252 1088 4320 χορδῶν.
1116 4253 1348 4308 mibiboeccerba
1357 4255 1426 4308 satra
1437 4254 1554 4320 απλίησο
1564 4258 1682 4320 tmepore
1696 4269 1714 4304 α
1724 4251 1821 4306 lectore
1830 4253 1876 4304 out
1945 4241 1946 4256 ¹

345 4337 547 4406 Apollodorcae
556 4343 607 4392 αατ
617 4338 691 4390 αλδινε
699 4337 796 4391 similia
804 4339 980 4392 uenationis
989 4340 1101 4393 rumori
1110 4341 1209 4396 additu
1219 4359 1274 4397 esse
1283 4343 1421 4397 videntur.
1437 4342 1496 4396 clia
1505 4347 1575 4396 certe
1583 4341 1874 4411 νιαννααλννίπλιηνιαο
1945 4367 1946 4434 η

345 4427 489 4480 Homerico
504 4430 565 4481 47³.
580 4428 715 4494 interpres
731 4425 891 4480 Gemanica*
904 4427 959 4480 BP
969 4433 1065 4481 utrum
1079 4429 1110 4482 iu
1124 4432 1246 4500 exentplo
1261 4435 1318 4485 τῶν
1331 4427 1462 4503 κεράτων
1476 4431 1610 4485 inuenerit
1625 4447 1663 4482 αν
1673 4431 1729 4497 ipae
1738 4429 1788 4483 boc
1798 4428 1872 4482 oddi-

346 4517 416 4570 derit
426 4516 579 4570 diiudicare¹
588 4515 690 4583 nequit.
711 4521 809 4570 contro
818 4517 948 4586 παροδον
957 4516 1142 4588 Byzantinus,
1153 4521 1201 4574 cui
1208 4521 1288 4575 schol.
1302 4521 1327 4576 G
1338 4521 1478 4589 debentur,
1487 4519 1586 4590 paullo
1595 4519 1768 4589 intepriorem
1777 4535 1872 4572 αοννα·

345 4608 446 4662 tionem
460 4605 553 4674 leuchae
566 4605 683 4660 videtur.
708 4604 742 4671 cs.
758 4605 956 4678 Ρτολτηονιαεα
967 4623 996 4674 ρ.
1011 4610 1057 4662 24.
1129 4625 1172 4666 ca
1188 4604 1367 4664 Ῐλτλαντλδον
1381 4610 1566 4664 Muucbcrus:
1581 4603 1795 4677 ἶλτλαντηρδδων
1808 4608 1871 4670 libri,

346 4695 421 4764 qaod
435 4697 507 4748 tueri
514 4694 787 4765 uultBemburdyus
795 4695 1009 4751 Eratodbentca
1019 4713 1048 4764 p.
1060 4701 1120 4751 119.
1192 4696 1354 4770 εμετέλαβε
1369 4699 1508 4768 Umerus:
1520 4695 1659 4769 μετέβαλε
1675 4703 1725 4752 aut
1740 4695 1870 4768 κατέβαλε

346 4785 417 4838 trbri.
476 4801 495 4840 e.
507 4801 533 4840 ro
552 4778 804 4853 συναρμοσάμενος
822 4779 910 4856 ᾠδήνε
930 4791 1077 4840 concentus
1096 4787 1189 4856 superi
1208 4787 1356 4858 complevit
1374 4789 1505 4842 Αεκόανε.
1565 4805 1590 4843 ιο
1606 4793 1669 4855 poet
1688 4775 1732 4840 δτι
1751 4785 1873 4840 exauda
1945 4793 1946 4812 ¹

346 4870 380 4930 τὰ
399 4869 501 4943 δένδρα
520 4889 554 4928 ex
571 4873 651 4928 schol.
674 4873 763 4929 Germ.
782 4873 837 4928 BP
854 4880 879 4928 ct
900 4873 925 4928 G
944 4875 1115 4931 concludam.
1187 4893 1213 4932 ao
1233 4871 1328 4946 ἐκήλει
1347 4875 1544 4946 Kopptcrsiua:
1563 4871 1658 4930 ἐκάλει
1677 4876 1747 4930 tud.
