3906 5800
236 395 337 448 Senon.
358 395 450 448 Gsnrr.
468 393 502 446 G.
525 411 552 462 p.
574 396 632 459 139,
652 397 694 449 23.

183 568 417 636 Andromedam
475 591 611 656 nemque
669 571 837 657 Euripides

140 677 215 742 dioit
228 678 314 742 inter
328 681 416 741 estre
428 677 622 744 oonlooatam
632 699 699 744 esse
707 685 838 763 propter

139 791 299 848 aeternam
317 783 424 850 Persei
447 785 627 850 oertominis
645 785 836 850 memoriam.

128 909 218 974 'qnae
246 889 330 956 oetni
357 891 503 975 adposita
531 896 564 956 et
589 912 610 956 e
632 891 747 956 Perseo
775 892 837 956 sal-

110 1002 212 1061 ovetn
239 997 430 1080 contempsit
456 995 602 1062 habitere
630 1018 700 1062 oum
723 1019 837 1080 peren-

137 1102 237 1179 tibus,
274 1103 330 1168 sed
362 1109 474 1186 sponte
507 1123 577 1169 oum
609 1124 647 1169 eo
679 1105 838 1187 extemplo

137 1208 225 1274 abiit

381 1846 550 1914 p.140,1s.
713 1909 716 1928 ι

181 1951 288 2016 Habet
303 1952 430 2036 quidem
445 1951 553 2018 stelles
568 1953 601 2015 in
615 1953 718 2036 eapite
733 1954 837 2036 splen-

94 2057 246 2122 Indidem
268 2079 373 2136 unam,
396 2059 429 2122 in
451 2064 587 2143 utroque
608 2080 716 2124 umero
735 2080 839 2135 mmm,

136 2166 170 2230 in
193 2163 303 2231 cubito
326 2164 439 2230 dextro
461 2185 565 2240 unam,
588 2166 621 2230 in
643 2185 739 2230 menn
761 2165 837 2229 niti-

137 2272 212 2336 dam
239 2293 350 2348 noem,
381 2272 415 2335 in
442 2271 571 2336 sinistro
599 2271 707 2338 cubito
733 2292 838 2347 unam,

138 2378 172 2442 in
197 2377 327 2443 braohio
350 2377 468 2444 nitidos
491 2379 584 2454 dues,
606 2377 639 2442 in
662 2399 742 2443 zona
764 2383 838 2453 tres,

136 2505 232 2568 super
254 2504 366 2548 zonam
388 2489 550 2567 quattuor,
574 2485 606 2548 in
630 2484 762 2567 singulis
785 2503 838 2566 ge-

93 2590 231 2656 20nibus
263 2591 404 2673 singulos
436 2589 632 2674 splendidas,
664 2591 697 2654 in
725 2589 838 2655 dextro

135 2698 218 2780 pedo
250 2697 343 2772 duas,
374 2697 407 2760 in
439 2697 567 2762 sinistro
598 2717 701 2762 unam.
765 2701 838 2762 sunt

136 2821 246 2868 omnes
268 2801 337 2866 XX.

129 3665 142 3704 o
160 3648 300 3717 extemplo
318 3655 349 3719 βι
369 3647 398 3700 in
418 3649 520 3717 templo
541 3647 573 3702 G.

1139 396 1269 449 Hionios
1288 396 1323 458 11,
1346 397 1386 450 ΙΙ.

1573 399 1633 498 Ι19

936 575 1024 640 Haeo
1037 574 1155 639 dieitur
1164 572 1326 638 Minervae
1340 571 1493 640 beneficio
1507 573 1591 639 inter
1665 573 1695 626 X
1700 557 1766 628 ΙΙΙ

891 680 996 746 sidera
1018 681 1181 746 conlooats
1208 685 1338 762 propter
1360 681 1467 745 Persei
1490 681 1589 744 virtu-
1658 662 1771 716 Andro-

890 792 968 862 tem‚
996 787 1079 871 quod
1103 807 1173 850 eam
1195 791 1264 850 neto
1287 787 1482 870 propositam
1504 787 1588 870 peri·
1669 751 1758 806 meda.

891 893 961 958 culo
975 893 1135 958 liberaret.
1160 913 1217 957 neo
1232 892 1315 956 enim
1328 892 1369 957 ab
1385 913 1423 957 eo
1436 894 1589 958 minorem

890 999 986 1064 enimi
1011 997 1261 1063 benevolentiam
1283 1019 1341 1081 pro
1364 997 1517 1064 beneficio
1536 1019 1588 1064 ac-
1617 1007 1633 1060 5

891 1106 983 1188 oepit.
1011 1125 1084 1168 nem
1104 1125 1204 1187 neque
1225 1109 1316 1188 pater
1330 1103 1474 1188 Cepheus
1488 1126 1590 1190 neque

891 1210 1052 1294 Cassiepia
1075 1216 1176 1275 meter
1203 1210 1244 1274 ab
1272 1232 1311 1274 ee
1332 1217 1506 1294 potuerunt
1529 1213 1589 1278 im-

890 1322 1027 1400 petrare,
1050 1317 1127 1398 quin
1148 1320 1297 1400 parentes
1319 1337 1357 1382 eo
1378 1319 1516 1401 petriam
1538 1341 1589 1384 re-

890 1423 1036 1504 linquens
1067 1421 1183 1488 Persea
1214 1429 1361 1506 sequeret
1400 1473 1407 1488 .
1463 1424 1518 1490 sed
1550 1425 1591 1491 de

890 1529 951 1594 hoo
973 1528 1142 1612 Euripides
1170 1528 1230 1596 hoo
1257 1530 1367 1595 eodem
1390 1532 1515 1616 nomine
1538 1529 1635 1596 set-10

890 1634 999 1700 hulam
1022 1634 1272 1701 commodissime
1295 1635 1413 1701 scribit.

1209 1847 1258 1912 111,
1279 1849 1320 1902 10.

937 1953 1035 2030 Haeo,
1062 1959 1098 2018 ut
1124 1973 1226 2034 supro
1254 1954 1406 2031 diximus,
1432 1954 1530 2018 habet
1557 1955 1591 2016 in

891 2059 995 2142 eapite
1009 2060 1134 2124 stollam
1148 2060 1233 2124 olere
1246 2060 1402 2125 lucentem
1417 2060 1441 2136 Ι,
1455 2060 1488 2124 in
1502 2066 1591 2125 utro-
1602 2069 1635 2122 15

892 2187 952 2248 que
980 2187 1088 2232 umero
1112 2165 1142 2243 1,
1169 2167 1203 2230 in
1230 2165 1339 2232 cubito
1367 2167 1478 2232 dextro
1501 2167 1530 2242 Ι,
1558 2167 1590 2230 in

892 2273 961 2355 ipse
989 2293 1084 2336 manu
1106 2272 1136 2350 Ι,
1164 2273 1197 2335 in
1220 2272 1348 2337 sinistro
1371 2272 1479 2338 cubito
1502 2272 1531 2349 Ι,
1559 2273 1591 2336 in

891 2376 1021 2451 breohio
1035 2377 1060 2454 Ι,
1080 2381 1110 2442 in
1125 2400 1219 2444 manu
1233 2379 1375 2454 aiteram,
1395 2381 1426 2441 in
1441 2399 1521 2444 zona
1535 2377 1592 2454 ΙΙΙ,

892 2505 988 2567 supra
1010 2505 1121 2550 zonam
1144 2484 1222 2562 1111,
1249 2485 1283 2550 in
1305 2491 1438 2568 utroque
1461 2505 1544 2569 genu
1567 2483 1591 2560 I,

891 2591 924 2654 in
951 2590 1087 2673 pedibus
1114 2597 1220 2656 eutem
1246 2591 1345 2657 binas.
1391 2591 1438 2656 ite
1464 2589 1590 2656 omnino
1599 2599 1636 2652 20

892 2702 940 2762 est
963 2697 1124 2762 stellarum
1147 2696 1215 2762 XX.

927 3663 954 3702 ιι
968 3654 998 3700 ut
1017 3663 1067 3701 om.
1087 3644 1156 3699 MR.
1211 3663 1238 3700 ro
1252 3643 1280 3698 in
1299 3645 1417 3714 pedibus
1437 3653 1529 3701 autern
1548 3646 1635 3699 binos.

891 3737 958 3790 hoec
971 3734 1048 3800 salso
1062 3749 1117 3787 esse
1131 3733 1258 3802 adparet,
1274 3751 1340 3788 nam
1350 3740 1437 3789 essent
1447 3733 1528 3788 XXI
1534 3732 1637 3800 stellae,

891 3839 980 3891 neque
994 3828 1086 3876 tomen
1099 3838 1219 3875 errorem
1233 3821 1325 3876 tollere
1340 3825 1439 3890 auom,
1459 3824 1508 3891 qui
1520 3823 1639 3888 fortasse

892 3913 949 3965 iam
967 3913 998 3965 in
1015 3927 1115 3981 praeeo
1134 3911 1256 3978 eaeemplo
1275 3911 1402 3965 extiterit.
