3920 5806
342 363 403 428 178
507 360 645 416 Eunonen.

420 533 548 630 Ἕτεροι
559 546 594 611 δέ
601 563 682 627 φασι
691 541 814 612 δικαιό-

914 360 1013 415 Senon.
1034 363 1121 416 Auen.
1143 379 1164 415 v.
1185 361 1237 416 359
1256 380 1282 430 p.
1301 361 1344 428 83,
1363 360 1405 416 40.
1503 359 1870 432 Sosonumuppeus.

957 536 1136 626 Αἰγύπτιαι
1165 539 1201 606 δέ
1223 557 1303 624 φασι
1326 545 1450 606 Νεῖλον
1548 544 1628 609 Aliis
1650 544 1756 630 placet
1777 564 1829 608 ae-

382 673 486 718 τατον
510 644 615 718 αὐτὸν
635 648 720 719 εἶναι
739 659 815 720 Νετ-
914 643 998 715 εἶναι
1020 639 1082 714 τὸν
1105 647 1413 734 κατηστερισμένον.
1503 653 1686 736 quicelmum
1723 649 1830 714 Nilum

382 762 456 824 λον
491 755 595 843 μόνος
625 754 688 848 γὰρ
717 753 816 840 οὗτος

383 859 451 933 ἀπὸ
504 871 704 956 μεσημβρίας
757 863 816 949 τὰς

297 1033 298 1037 ,
355 966 484 1060 ὁᾰρχὰς
511 972 584 1060 ἔχει.
612 983 752 1055 πολλοῖς
780 980 815 1046 δὲ

384 1075 517 1170 ἄστροις
548 1081 813 1172 διακεκόσμηται,

384 1180 560 1255 ὑπόκειται
585 1191 620 1256 δὲ
644 1184 736 1276 αὐτῷ
759 1194 816 1257 καὶ

384 1288 402 1361 ὁ
455 1292 661 1382 καλούμενος
711 1291 815 1386 ἀστὴρ

382 1397 555 1484 Κάνωβος,
571 1395 608 1483 ὃς
618 1403 735 1488 ἐγγίζει
744 1411 815 1470 τῶν

339 1517 372 1569 10
381 1509 556 1594 πηδαλίων
583 1519 640 1597 τῆς
669 1503 811 1596 Ἀργοῦς·

382 1610 506 1681 τούτου
526 1616 561 1681 δὲ
576 1610 676 1683 οὐδὲν
691 1612 816 1703 ἄστρον

382 1718 576 1807 καττίτερον
586 1726 751 1807 φαίνεται,
762 1715 814 1789 διὸ

382 1830 438 1893 καὶ
461 1829 631 1915 Περίμειος
656 1834 813 1896 καλεῖται.

421 1930 504 2020 Ἔχει
533 1929 566 2002 δ’
592 1929 732 2024 ἀστέρας
760 1935 815 2002 ἐπὶ

339 2051 440 2130 15τῆς
463 2040 598 2131 πρώτης
616 2052 748 2130 καμπῆς
770 2039 814 2128 γ’,

383 2147 438 2214 ἐπὶ
451 2158 509 2236 τῆς
524 2150 679 2235 δευτέρας
691 2145 735 2234 γ’,
760 2147 815 2214 ἐπὶ

381 2264 439 2343 τῆς
484 2259 594 2346 τρίτης
640 2254 703 2334 ἕως
743 2263 814 2320 τῶν

383 2359 531 2448 ἐσχάτων
571 2360 612 2446 ζ’,
653 2354 675 2429 d
711 2381 814 2446 φασιν

383 2466 466 2536 εἶναι
498 2463 540 2537 τὰ
573 2467 721 2556 στόματα
753 2475 814 2534 τοῦ

337 2580 518 2644 2οΝεἱλου·
534 2569 613 2656 τούς
624 2571 753 2653 πάντας
763 2570 813 2660 ιγ’.

482 2879 668 2936 Tnsunsouss.

336 2969 433 3024 Auden.
467 2972 522 3024 781
553 2986 618 3040 psrs
651 2987 755 3041 aequor
785 2971 814 3027 id

337 3073 397 3112 esse
411 3059 420 3127 ΙΙ
434 3058 560 3114 credidit.
611 3063 667 3114 796
684 3059 813 3116 Pharium

336 3147 814 3220 perselteruNilumltccmmemcrut,

336 3236 414 3305 lsrgo
455 3245 563 3308 segetes
602 3240 674 3308 qued
710 3239 815 3294 nutriet

336 3326 422 3392 amni,
437 3328 446 3397 l
461 3329 619 3398 ereptisque
643 3329 716 3384 lccos
740 3329 814 3384 undu

337 3415 483 3472 foecundet
493 3418 611 3484 alumne,
626 3419 635 3487 ΙΙ
648 3417 814 3487 velqucdde

336 3505 421 3561 medii
453 3508 596 3577 prolapsus
623 3513 703 3577 perte
731 3507 787 3563 diei
800 3507 812 3578 ll

337 3602 430 3650 vestus
444 3595 472 3650 in
486 3610 637 3666 eequcrcss
646 3597 740 3667 pelagi
753 3612 814 3651 sese

337 3682 439 3740 inferet
457 3685 553 3741 undas.

372 3791 398 3830 us
412 3777 540 3830 καλεῖται
555 3775 666 3830 Folius:
683 3777 814 3844 φαίνεται

336 3862 407 3917 lutri.
489 3881 516 3918 nc
531 3869 594 3933 post
613 3859 749 3935 ἀστέρας·
768 3859 815 3918 ἐπὶ

336 3955 464 4021 κεφαλῆς
482 3947 512 4006 α’
536 3952 606 4007 istri.
626 3953 713 4008 delevi
732 3953 815 4007 verbu

337 4058 351 4094 c
365 4041 475 4096 intrauit
487 4042 616 4096 socordia
629 4048 708 4098 unta.
736 4058 762 4097 sc
773 4035 812 4112 ιγ’

336 4131 448 4200 scrcpce':
488 4125 525 4184 ιδ’
561 4131 631 4184 libri.
673 4146 813 4198 uumerus,

336 4225 483 4288 postquam
506 4219 594 4288 capiti
612 4219 691 4274 stella
709 4218 814 4272 tribum

337 4312 384 4378 est,
404 4307 529 4362 consulto
546 4308 710 4362 immutatus
727 4313 772 4362 eet.

886 3177 898 3208 t

1503 759 1667 844 adpellari.
1680 757 1734 821 hic
1748 758 1831 822 enim

1502 863 1832 934 unusameridiefluit
1947 901 1948 908 .

1504 981 1536 1039 et
1581 973 1690 1039 subest
1736 973 1875 1038 etiamn

1502 1081 1531 1146 ei
1586 1079 1692 1156 stella,
1752 1100 1832 1163 quae
1947 1167 1948 1170 Ἴ

1503 1186 1649 1254 Canobus
1685 1186 1828 1270 adpelle-

1502 1300 1564 1371 tur,
1573 1316 1668 1379 quam
1677 1293 1832 1376 contingit

1502 1401 1723 1486 gubernaculis
1736 1401 1831 1483 Argo,

1502 1531 1565 1593 que
1593 1510 1712 1573 nullum
1744 1508 1833 1572 sidus
1842 1515 1876 1567 10

1503 1616 1635 1682 infen'us
1657 1620 1763 1699 peret,
1789 1613 1831 1678 ub

1502 1723 1588 1806 quod
1602 1724 1762 1788 terrestris
1778 1743 1833 1786 vo-

1502 1835 1600 1894 catur.

1546 1938 1652 2003 Habet
1721 1937 1833 2003 stelles

1503 2045 1604 2128 primo
1641 2043 1723 2108 flexu
1755 2051 1833 2121 tres,
1844 2053 1873 2108 15

1502 2152 1639 2216 secundo
1679 2158 1756 2228 tres,
1797 2151 1832 2214 in

1502 2258 1598 2322 tertio
1610 2279 1707 2342 nsque
1722 2259 1763 2323 sd
1772 2279 1832 2324 no-

1502 2366 1663 2430 vissimum
1699 2369 1833 2449 septem,

1417 2473 1422 2484 ’
1503 2493 1583 2555 quae
1606 2471 1753 2537 dicuntur
1773 2493 1834 2536 ora

1503 2579 1576 2643 Nili.
1586 2599 1707 2644 summa
1717 2579 1873 2643 stellaett

1502 2686 1661 2752 tredecim.

1538 2899 1591 2937 ns
1619 2881 1815 2951 nequissimum
1844 2885 1872 2953 με

1503 2971 1644 3039 nequisunn
1668 2969 1728 3025 BP.
1756 2971 1871 3041 sequius
1947 2973 1948 2978 ’

1504 3075 1565 3114 enm
1576 3078 1599 3124 ε,
1615 3059 1690 3127 quod
1697 3076 1775 3114 nume
1784 3061 1870 3130 Brey·

1502 3149 1589 3217 utplus
1621 3155 1647 3202 ct
1677 3149 1735 3218 τ’ρττ
1762 3150 1869 3217 probat
1947 3149 1948 3152 ’

1502 3254 1515 3293 e
1531 3237 1577 3291 hic
1595 3237 1668 3292 euim
1686 3253 1756 3292 unus
1768 3268 1802 3278 —·
1813 3237 1870 3292 fluit

1501 3329 1532 3397 βε
1552 3325 1645 3395 piceni
1660 3343 1806 3381 munus-
1821 3324 1870 3380 luit

1501 3415 1529 3468 B
1548 3415 1637 3485 picem
1656 3429 1754 3470 munus
1771 3447 1803 3455 -
1820 3414 1870 3470 init

1503 3503 1534 3557 P.
1563 3505 1668 3560 setiam
1681 3523 1708 3559 s:
1728 3505 1801 3559 enim
1811 3503 1868 3557 BP.

1502 3593 1560 3648 eei
1587 3594 1699 3662 scripsi:
1728 3593 1788 3648 eius
1811 3593 1868 3646 BP.

1502 3699 1515 3739 s
1529 3699 1611 3752 quem
1624 3682 1736 3751 scripsi:
1755 3669 1802 3751 ciui
1811 3681 1867 3734 BP.

1502 3789 1529 3828 ιο
1562 3789 1616 3841 qne
1644 3757 1672 3826 e:
1706 3773 1778 3841 quod
1809 3769 1866 3824 BP.

1502 3878 1556 3931 qno
1573 3863 1600 3931 β.
1638 3877 1664 3916 11
1678 3867 1759 3930 peret
1777 3859 1865 3914 Κιττα-

1502 3951 1621 4020 linctus:
1641 3949 1758 4018 ndpsret
1775 3948 1833 4002 BP.
