3906 5800
12 495 14 530 t
219 461 320 516 Sonos.
340 459 432 514 Grau.
453 460 484 514 G.
504 477 529 530 p.
551 459 609 526 149,
630 461 671 514 l'l.

164 637 261 718 Quam
303 639 430 724 quidam
470 638 612 704 fabulose
648 639 813 722 gentilium

12 757 13 764 ’
121 767 194 830 prae
216 746 331 812 timoro
353 745 479 812 Orionis
502 744 619 830 fugisse
641 751 763 829 putant.

159 2029 402 2109 QuidamaSole
411 2035 608 2113 persecutam
618 2029 814 2096 arbitrantur

83 2143 321 2220 luvocatamque
342 2136 509 2214 Electram,
531 2159 612 2222 quae
635 2157 697 2203 non
719 2137 814 2202 susti-

120 2264 193 2308 nens
219 2243 326 2309 videre
348 2265 438 2310 casus
460 2251 667 2329 pronepotum
690 2243 814 2328 fugerit

119 2343 200 2415 unde
223 2354 255 2415 at
276 2349 365 2414 illam
382 2351 544 2416 dissolutis
562 2351 700 2418 crinibus
718 2372 813 2436 prop-

11 2491 12 2502 2
121 2462 167 2522 ter
201 2457 320 2523 luctum
357 2458 403 2523 iro
439 2459 590 2523 adserunt
621 2463 653 2524 et
684 2465 814 2543 propior

121 2585 220 2628 comas
244 2563 403 2630 Comatam
426 2565 587 2648 adpellari.

114 4041 163 4079 rra
175 4025 236 4080 Sole
251 4031 436 4094 persecutam:
455 4024 570 4078 reddere
583 4024 642 4078 vult
655 4019 706 4092 τὴν
718 4019 812 4078 Ἠλέκ-

85 4128 146 4178 τραν
163 4121 263 4184 φυγεῖν
282 4115 330 4167 καὶ
349 4109 387 4181 μὴ
406 4107 555 4180 ὑπομεῖναι
578 4110 648 4168 [δεῖν
665 4108 716 4182 τὴν
731 4105 813 4167 Ἴλιον

84 4193 262 4271 ἁλισκομένην
266 4222 278 4266 ,·
298 4207 328 4256 ot
342 4219 397 4271 pro
414 4195 494 4257 Ἱλιον
511 4203 576 4272 leys't
593 4190 680 4271 ἥλιον.
699 4219 723 4256 v.
742 4201 812 4256 Pro-

84 4286 211 4356 lapomano
224 4309 254 4360 p.
275 4294 320 4346 23.

1114 460 1244 513 Eremos
1262 460 1298 524 lI,
1316 461 1359 514 21.
1546 461 1606 526 137

910 638 972 704 Sed
1009 639 1066 704 has
1099 637 1225 704 Pliadas
1258 639 1380 721 antiqui
1412 641 1563 724 astrologi

866 767 1005 814 seorsum
1037 767 1057 810 a
1088 746 1194 810 Tauro
1225 745 1493 824 deformaverunt,
1528 754 1565 812 ut

866 860 941 922 ante
954 853 1098 930 diximus,
1116 853 1260 918 Pleiones
1274 858 1308 918 et
1321 852 1460 919 Atlantis
1473 852 1563 919 filias

866 983 947 1048 quae
978 983 1048 1028 oum
1079 983 1138 1045 par
1164 959 1327 1026 Boeotiam
1354 981 1424 1025 oum
1452 961 1564 1044 puellis

867 1071 928 1135 iter
950 1069 1078 1145 laceret,
1101 1069 1219 1134 Oriona
1242 1069 1457 1134 oontionatum
1475 1069 1564 1134 volu·
1591 1077 1608 1132 5

867 1177 928 1243 isse
950 1177 981 1242 ei
1003 1175 1067 1240 vim
1090 1173 1229 1252 adferre3
1252 1174 1338 1240 illam
1361 1173 1470 1258 fugere
1492 1197 1563 1241 coe-

866 1284 958 1372 pisse,
981 1282 1100 1349 On'ona
1121 1287 1228 1348 autem
1250 1287 1392 1347 seeutnm
1415 1303 1483 1349 esse
1505 1305 1564 1348 an-

866 1411 924 1456 nos
935 1389 994 1454 VH
1009 1413 1111 1475 noque
1127 1389 1265 1454 inveniro
1279 1389 1427 1472 potuisse.
1459 1389 1564 1454 lovem

867 1503 973 1562 autem
990 1497 1167 1580 puellarum
1186 1496 1358 1573 misertum,
1376 1495 1460 1561 inter
1477 1501 1565 1562 astra

867 1604 1079 1679 constituisse,
1105 1607 1135 1668 et
1156 1607 1270 1684 posteo
1298 1625 1321 1668 α
1341 1603 1506 1670 nonnullis
1528 1613 1608 1668 o-10

866 1711 1014 1795 stratonis
1044 1711 1182 1777 eandum
1220 1710 1324 1776 Tonrt
1359 1710 1564 1792 adpellatam.

867 1819 974 1903 itaque
1005 1818 1109 1884 adhue
1134 1816 1232 1883 Orion
1259 1815 1416 1902 fugientes
1443 1837 1495 1884 eas
1522 1818 1564 1884 ad

867 1945 1010 1992 oooasum
1033 1925 1121 2010 sequi
1143 1925 1276 1990 videtur.

913 2032 976 2098 Alii
1004 2034 1113 2100 dieunt
1136 2031 1293 2096 Electram
1320 2051 1383 2096 non
1410 2031 1564 2114 adparere

868 2138 949 2217 ideo,
959 2140 1042 2224 quod
1053 2140 1179 2204 Pliades
1189 2138 1407 2203 existimentur
1417 2137 1564 2204 choream
1575 2147 1608 2203 15

868 2248 983 2313 duoere
1005 2245 1119 2322 stellis;
1143 2245 1199 2310 sed
1220 2251 1386 2329 postquam
1404 2244 1499 2311 Troia
1521 2247 1564 2311 sit

868 2359 973 2438 capta,
996 2359 1028 2419 et
1049 2351 1214 2438 progenies
1237 2352 1313 2429 eius,
1335 2373 1416 2435 quae
1438 2373 1459 2418 a
1480 2352 1563 2418 Dar-

868 2461 951 2526 dano
974 2460 1079 2538 fuerit,
1102 2461 1143 2526 sit
1166 2479 1283 2536 eversa,
1306 2459 1415 2524 dolore
1437 2479 1562 2542 permo-

868 2571 933 2632 tam
955 2566 996 2632 ab
1019 2567 1069 2632 his
1092 2589 1125 2633 se
1147 2566 1324 2642 removisse,
1347 2571 1379 2630 et
1397 2566 1430 2630 in
1448 2565 1563 2632 oiroulo

867 2674 922 2758 qui
940 2675 1075 2739 aretinus
1094 2673 1211 2739 dieitur
1229 2673 1417 2750 constitisse,
1436 2677 1468 2738 et
1486 2683 1609 2756 quo-ao

867 2781 940 2846 dam
954 2780 1047 2864 longo
1062 2787 1203 2864 tempore
1213 2781 1438 2846 lamentantem
1448 2781 1564 2863 oapillo

866 2908 958 2970 passo
981 2887 1094 2966 videri3
1128 2887 1234 2972 itaque
1262 2909 1280 2952 e
1307 2887 1392 2952 fanto
1416 2885 1564 2954 Cometen

866 3015 933 3060 osse
955 2994 1156 3078 adpellatam.

910 3099 953 3164 Et
983 3100 1043 3166 hae
1075 3100 1202 3188 quidem
1234 3101 1419 3185 ampliorem
1450 3101 1564 3168 ceteris

865 3205 985 3272 habeut
1016 3208 1180 3284 honorem,
1218 3210 1301 3292 quod
1334 3228 1441 3272 aarum
1473 3209 1608 3292 signore

866 3314 1026 3378 exoriente
1049 3319 1152 3379 aestas
1175 3313 1379 3398 significatur,
1402 3316 1565 3381 ooeidento

865 3426 972 3485 autem
989 3420 1088 3486 hiems
1107 3422 1293 3498 ostenditur,
1312 3422 1397 3504 quod
1415 3421 1487 3486 aliis
1500 3443 1564 3488 non

866 3533 916 3592 est
937 3527 1089 3592 traditum
1112 3529 1218 3612 signis.

901 4041 914 4080 a
932 4022 1222 4079 PleionesrPlesiones
1233 4023 1353 4080 RMPV.
1400 4024 1607 4081 scontionatum

866 4113 962 4168 MRV.
1000 4113 1225 4169 continuonatum
1244 4113 1276 4166 P.
1323 4114 1390 4169 lotio
1414 4121 1507 4168 natum
1530 4113 1606 4166 Bar-

865 4203 972 4256 aionua
995 4201 1113 4267 sonasse
1123 4203 1318 4272 conspicatum.
1337 4198 1517 4272 θεασάμενος
1526 4201 1606 4256 solsol.

866 4290 903 4344 Il.
924 4291 952 4344 Σ
968 4293 1033 4344 486.
1069 4291 1150 4346 sVII
1169 4291 1280 4346 &babor
1298 4294 1322 4348 V
1343 4295 1391 4360 (est
1409 4294 1432 4346 Z
1445 4307 1499 4360 pro
1516 4291 1551 4356 n)
1570 4290 1606 4357 of.

867 4378 1064 4448 Prolaponeno
1083 4395 1113 4447 p.
1133 4385 1168 4433 13
1191 4381 1258 4436 adn.
1277 4386 1320 4435 19.
1345 4380 1468 4436 invenire
1490 4380 1608 4434 narnia

867 4469 988 4536 exemplo
1024 4463 1115 4538 aipein
1146 4469 1178 4523 in
1209 4464 1304 4542 storin
1335 4477 1497 4539 coemptum
1528 4467 1607 4523 erati

867 4556 1095 4612 inexistimentur
1110 4557 1139 4612 V.
1169 4558 1362 4615 existimantur
1375 4559 1475 4615 DMR.
1512 4557 1606 4614 rasue-

867 4645 916 4699 rit:
936 4645 1027 4701 fuerat
1047 4645 1077 4700 V.
1150 4665 1176 4702 aa
1195 4663 1289 4718 passo:
1308 4664 1388 4722 posse
1413 4647 1442 4702 V.
1489 4663 1554 4702 e:a
1577 4647 1606 4700 V.

867 4749 892 4790 ss
913 4741 978 4788 unna
996 4749 1102 4789 eamn:
1122 4736 1151 4790 in
1169 4737 1318 4794 BMPRV.
1347 4751 1397 4792 orn.
1412 4737 1450 4790 D.
1505 4753 1530 4793 aa
1545 4743 1609 4805 post

868 4823 1020 4879 moriente:
1039 4823 1101 4880 Sole
1126 4825 1156 4880 V.
