3906 5800
617 479 756 534 Errrosre.

426 479 488 544 148

281 657 411 800 ΧΑῘξῑῙΠ
514 649 620 734 Οὗτός
648 660 717 728 ἐστι
743 670 792 749 τῷ
816 661 894 728 εἴδει
919 650 951 728 3-

338 765 388 816 >¹⁰⁶

468 790 562 851 μοιος
589 777 638 854 τῷ
661 769 833 855 Αίγίπανι·
865 768 900 852 ἐξ
923 767 951 834 ἒ-

370 854 391 898 ς’
469 874 583 941 κείνου
606 869 668 962 γάρ
691 877 836 962 γέγονεν.
888 873 953 960 ἔχει

469 981 505 1046 δὲ
532 985 656 1069 θηρίου
683 975 724 1049 τά
751 980 844 1050 κάτω
871 982 953 1069 μέρη

441 1091 524 1153 ὁκαὶ
542 1089 665 1176 κέρατα
684 1090 739 1157 ἐπὶ
756 1099 797 1176 τῇ
810 1095 948 1174 κεφαλῇ’

470 1193 610 1284 ἐτιμήθη
630 1197 665 1262 δὲ
685 1192 738 1263 διὰ
757 1193 796 1264 τὸ
817 1195 953 1284 σύντρο-

469 1325 533 1385 φος
552 1299 636 1368 εἶναι
654 1313 703 1389 τῷ
718 1307 778 1386 Διί,
797 1299 952 1389 καθάπερ

470 1401 671 1498 Ἐπιμενίδης
698 1405 717 1476 ὁ
741 1404 782 1476 τά
807 1403 954 1499 Κρητικὰ

470 1513 616 1604 ἱστορῶν
639 1521 751 1606 φησίν,
779 1509 831 1584 ὅτι
855 1518 891 1584 ἐν
914 1526 954 1603 τῇ

425 1615 530 1707 10”Ι(ίμ
558 1633 663 1712 συνῆν
690 1619 792 1712 αὐτῷ,
819 1616 875 1692 ὅτε
899 1624 955 1691 ἐπὶ

468 1721 549 1808 τούς
571 1734 708 1809 Τιτᾶνας
727 1728 954 1818 ἐστράτευσεν,

470 1826 633 1922 ίνῴτούς
644 1835 831 1924 συμμάχους
840 1834 953 1906 καθαί-

468 1948 593 2026 πλιζεν.
622 1939 828 2031 παραλαβών
843 1937 954 2032 δὲτὴν

469 2042 571 2137 άρχὴν
581 2049 617 2116 ἐν
627 2065 697 2129 τοῖς
707 2046 840 2139 ἄστροις
850 2044 954 2118 αὐτὸν

426 2166 458 2218 15
469 2151 571 2244 ἔθηκε
603 2162 660 2225 καὶ
690 2152 752 2247 τὴν
779 2155 865 2244 Αίγα
893 2149 954 2244 τὴν

467 2263 600 2350 μητέρα.
657 2255 757 2344 οὗτος
794 2267 828 2332 δὲ
863 2266 956 2330 δοκεῖ

470 2362 578 2456 εὑρεῖν
596 2364 658 2438 τὸν
676 2370 810 2457 κόχλον,
833 2361 874 2438 οὗ
892 2364 954 2437 τὸν

469 2463 550 2562 ἦχον
572 2472 723 2544 Πανικὸν
746 2476 954 2564 καλούμενον

470 2580 502 2648 οἱ
526 2588 657 2663 Τιτᾶνες
676 2583 810 2672 ἔφυγον.
845 2579 899 2652 διὰ
918 2585 954 2651 δὲ

425 2681 509 2755 torri
537 2685 598 2758 τὸν
621 2689 744 2776 κόχλον
768 2692 804 2758 ἐν
827 2701 867 2777 τῇ
893 2697 954 2757 θα-

470 2793 573 2882 λάσσῃ
614 2793 723 2886 εὑρεῖν
758 2796 954 2888 παράσημον

471 2900 535 2989 ἔχει
558 2902 675 2990 ἰχθύος
699 2899 812 2992 οὐράν.

460 3150 547 3226 syirp
571 3154 810 3212 Wtiomowiteius:
833 3155 863 3211 δὲ
883 3156 953 3211 istri.

425 3260 438 3297 ι
457 3245 573 3316 θηρίον·
591 3240 690 3316 ι’χθάος
708 3245 811 3300 Fellas.
849 3263 873 3302 ιι
891 3252 955 3316 poet

426 3327 630 3403 ἐστράτευσενι
639 3326 721 3400 οὗτος
731 3334 760 3389 δὲ
772 3329 955 3405 δοκεῖεί·ρεῖν

426 3417 475 3476 τὸν
493 3418 605 3494 κόχλον,
625 3431 689 3494 post
712 3441 737 3480 ιε
757 3419 955 3491 καθάπλιζενι

426 3507 470 3565 διὰ
484 3507 517 3566 τὸ
532 3516 583 3567 τοῦ
597 3505 666 3584 ἤχου
678 3509 805 3569 Πανικὸν
814 3508 954 3580 καλούμε·

427 3618 483 3662 νον,
493 3589 509 3655 ii
520 3597 546 3655 ai
555 3603 668 3666 Τιτᾶνες
678 3595 801 3673 ἔφευγον
811 3603 880 3658 istri.
892 3602 955 3656 deos

425 3689 576 3743 marterinis
581 3707 635 3758 pro
645 3691 737 3746 ronse
747 3707 871 3746 ososesee
879 3708 955 3746 mera

425 3778 540 3831 ιἰιοαιιία
554 3785 607 3846 est,·
625 3779 731 3835 aceedit
750 3780 825 3848 qaod
843 3782 956 3836 moriers

426 3867 457 3919 ιἰι
471 3866 545 3921 calce
558 3869 670 3922 tardem
684 3872 783 3938 capitis
792 3871 956 3924 mentionem

425 3955 530 4019 saetam
544 3973 599 4012 esse
614 3963 763 4012 ceterorum
773 3961 881 4014 testium
890 3976 954 4013 eoa-

425 4060 522 4100 eeaeas
549 4046 633 4101 docet.
680 4048 776 4113 itaque
803 4048 885 4102 rerba
911 4048 956 4102 iric

426 4132 524 4202 delevi,
548 4135 578 4188 ιἰι
601 4134 656 4200 fiae
679 4137 829 4190 eoaiaaeta
848 4144 912 4206 post
932 4155 956 4193 ιε

425 4220 535 4292 μητέρα
552 4224 665 4278 imerici.
721 4241 753 4280 rs.
764 4231 790 4281 is
809 4221 955 4280 καθώπλι-

426 4312 474 4377 ζεν
491 4312 602 4379 scripsi:
620 4307 805 4368 καθώπλισεν
823 4315 892 4370 reos.
912 4317 955 4369 αι’-

425 4401 526 4453 mirram
539 4400 603 4455 Ioor'
619 4403 706 4456 socios
725 4404 849 4456 amanti
862 4402 958 4468 adsuit

426 4489 563 4558 Aepipan.
593 4489 664 4544 idem
682 4490 809 4546 indicare
827 4491 957 4546 αι’άιιιίιιι

987 481 1391 550 Scrsoo.Arirr.r.·284.p.7't,3.
1478 481 1576 535 Senon.
1596 479 1689 534 Gru.
1710 479 1762 534 BP.
1784 497 1809 548 p.
1829 481 1870 541 87,
1890 482 1912 532 3.

1090 650 1124 724 ‘0
1139 659 1174 725 δὲ
1185 654 1376 746 Αίγόκεροις

1051 756 1166 849 ὅμοιός
1212 765 1280 832 ἐστι
1326 775 1376 853 τῷ

1049 872 1221 958 Αίγίνιανι’
1278 896 1375 961 κατη-

1053 981 1212 1067 στερίσθη
1227 979 1262 1046 δὲ
1273 1032 1374 1046 ......

1023 1077 1376 1172 δὸτισύντροφόςέστι

1051 1201 1113 1258 τοῦ
1136 1190 1220 1271 Διός.

1097 2038 1170 2134 εὗρε
1212 2049 1248 2113 δὲ
1279 2038 1377 2128 οὗτος

1010 2147 1115 2220 15τόν
1156 2153 1302 2240 κόχλακα
1339 2154 1376 2220 ίν

1053 2269 1093 2346 τῇ
1116 2259 1276 2347 θαλάσσῃ.
1325 2255 1376 2328 διὸ

1052 2367 1249 2459 παράσημον
1272 2362 1377 2456 οὐράν

1052 2475 1170 2560 ἰχθύος
1184 2476 1255 2563 ἔχει·
1277 2487 1326 2563 τοῦ
1342 2480 1376 2543 δὲ

1052 2577 1120 2669 ἤχῳ
1148 2578 1253 2651 αὐτοῦ
1276 2588 1377 2650 Πανι-

1007 2701 1101 2780 tonat
1182 2692 1378 2778 καλουμένῳ

1052 2794 1130 2878 τοὺς
1144 2804 1281 2876 Τιτᾶνας
1291 2797 1377 2884 ἐτρί-

1051 2924 1149 2992 pato.

1043 3174 1086 3213 es
1105 3159 1144 3227 τῷ
1161 3151 1291 3225 Αἰγίπαν
1308 3155 1378 3207 MV:

1008 3250 1041 3315 τῇ
1053 3243 1117 3315 Acyl
1125 3243 1270 3298 Bekkerus.
1308 3248 1377 3312 ιστῇ

1008 3351 1060 3388 om.
1080 3334 1147 3386 MV.

1422 625 1425 634 1
1474 660 1682 744 Caprieornus
1700 660 1753 724 hio
1770 658 1916 726 similitu-

1429 769 1534 833 dinem
1550 769 1727 852 Aegipanes
1741 765 1848 832 habet.
1878 766 1916 830 ab

1430 897 1466 940 oo
1490 877 1573 941 enim
1596 882 1645 941 est
1668 875 1778 940 faetus.
1821 873 1917 938 habet

1428 982 1635 1067 posteriorem
1662 987 1785 1066 partem
1815 981 1918 1064 piscis

1429 1091 1483 1156 sed
1517 1091 1654 1174 priorem
1685 1089 1772 1172 capri
1801 1097 1951 1153 eomuet

1429 1197 1584 1263 habentis.
1647 1197 1731 1261 huno
1766 1193 1920 1260 honorem

1429 1305 1596 1370 adsecutus
1610 1304 1734 1380 dicitur,
1748 1303 1834 1388 quod
1849 1323 1920 1367 cum

1430 1411 1502 1476 Iove
1518 1418 1601 1478 esset
1614 1411 1762 1475 nutritus
1793 1409 1920 1492 Epime-

1429 1519 1519 1585 nides
1537 1519 1624 1596 dicit,
1642 1518 1676 1581 in
1690 1517 1749 1582 Ida
1765 1523 1918 1601 utrosque

1429 1626 1565 1692 nutritos
1598 1631 1631 1690 et
1661 1626 1702 1690 ed
1730 1625 1918 1690 Titanorum
1928 1628 1947 1688 r

1429 1732 1547 1798 bellum
1561 1753 1631 1798 eum
1645 1731 1718 1797 Iove
1731 1731 1918 1815 proiectum.

1428 1839 1589 1923 victorque
1599 1838 1722 1923 Iupiter
1735 1841 1835 1904 astris
1853 1859 1919 1903 eum

1429 1944 1537 2011 intulit
1555 1947 1638 2030 quod
1662 1946 1728 2011 eius
1747 1965 1850 2028 opera
1870 1946 1918 2010 dei

1429 2053 1542 2117 armati
1558 2057 1671 2128 essent,
1688 2053 1766 2117 item
1785 2058 1916 2116 matrem

1430 2159 1497 2223 eius
1512 2179 1645 2242 capram.
1673 2166 1706 2224 et
1724 2159 1813 2242 quod
1829 2159 1916 2224 eoch-
1926 2162 1948 2221 o

1429 2266 1482 2330 lon
1501 2265 1669 2330 invenisset
1687 2266 1719 2329 in
1737 2267 1833 2342 meri,
1853 2268 1916 2330 ideo

1430 2373 1523 2456 piscis
1541 2373 1642 2438 caude
1660 2394 1727 2438 esse
1746 2378 1901 2438 notatum.

1467 3155 1543 3210 rhic
1566 3156 1677 3224 scripsi:
1704 3158 1757 3210 hae
1781 3156 1820 3210 B.
1860 3173 1903 3210 οιιι.
1922 3153 1943 3206 P.

1431 3245 1477 3300 hie
1496 3252 1538 3301 est
1556 3249 1580 3316 β.
1645 3260 1658 3300 s
1677 3245 1797 3314 priorem
1820 3247 1856 3299 Β.
1875 3245 1944 3314 prioa

1431 3333 1463 3388 Ρ.
1484 3332 1560 3404 capri
1578 3334 1613 3387 Β.
1651 3349 1751 3402 caprae
1772 3334 1806 3388 P.
1884 3331 1946 3389 slis

1430 3429 1560 3492 utrosque
1579 3422 1695 3477 nutritos
1711 3421 1739 3476 S.
1769 3422 1947 3488 idaustrosqre

1431 3511 1579 3566 nutritores
1599 3512 1658 3566 BP.
1714 3529 1739 3568 ιο
1758 3510 1860 3566 intulit
1878 3510 1946 3562 utre

1431 3601 1597 3655 moaiteios:
1610 3599 1736 3655 intulisse
1746 3599 1809 3654 BP.
1827 3601 1904 3654 intuli
1921 3615 1925 3624 ·

1434 3707 1456 3743 ε.
1487 3690 1612 3744 intulisse
1631 3689 1732 3743 dicitur
1749 3693 1776 3759 β.
1850 3705 1876 3746 15
1893 3706 1921 3756 qu

1432 3779 1545 3832 eochlon
1565 3797 1596 3832 r:
1615 3777 1826 3846 quodicholsom
1848 3779 1904 3832 BP.

425 4579 505 4632 schol.
528 4577 616 4633 Gerra
636 4579 702 4634 BP:
725 4583 796 4650 quod
816 4581 875 4635 eius
894 4596 978 4650 opera
996 4579 1040 4634 dei
1061 4581 1160 4636 armati
1182 4588 1281 4636 essent.
1353 4599 1378 4638 rr
1398 4574 1431 4637 οὗ

427 4663 476 4722 τὸν
495 4659 563 4739 εἶχον
583 4666 710 4724 Πανικὸν
733 4665 909 4736 καλούμενον
932 4667 958 4724 σί
984 4672 1098 4734 Τιτᾶνες
1122 4665 1229 4740 ἔφυγον
1252 4673 1363 4740 scripsi:
1387 4669 1431 4726 διὰ

376 4793 379 4799 -
427 4752 460 4811 τί
484 4762 533 4813 τοῦ
556 4751 625 4830 ἤχου
645 4755 773 4814 Πανικὸν
791 4755 981 4826 καλούμενον,
1005 4749 1066 4813 tat
1092 4762 1205 4824 Τιτᾶνες
1224 4755 1346 4831 ἔφευγον
1361 4762 1430 4816 lori.

428 4847 509 4900 rerba
528 4864 590 4902 cam
609 4850 647 4903 αιί
666 4849 788 4904 alienum
808 4848 896 4901 locam
911 4847 1004 4901 delata
1018 4854 1112 4915 essent,
1134 4850 1169 4903 ab
1182 4851 1378 4918 interpolatore
1391 4853 1432 4904 ita

426 4935 573 4990 immutata
582 4945 655 5006 αιιιί,
671 4944 702 4991 at
712 4937 746 4992 de
755 4943 830 4991 certa
840 4936 1030 4990 emendatione
1039 4936 1243 5005 desperandam
1252 4941 1293 4994 sit.
1309 4939 1432 5006 equidem

428 5023 467 5076 aa
480 5025 584 5079 setalia
593 5027 700 5081 Aratea
714 5027 803 5080 laeam
817 5026 954 5095 constitui,
968 5026 1016 5080 sed
1029 5027 1142 5096 stapulo
1158 5045 1334 5095 ιιιριιοριιαυι
1349 5045 1429 5096 spea-

428 5111 485 5167 deo.
505 5131 531 5168 so
545 5111 577 5168 τὸ
589 5115 654 5169 add.
664 5114 874 5184 Bernhardpas.
898 5132 921 5168 ιι
934 5107 1028 5184 εὑρεῖν
1042 5121 1067 5170 et
1081 5133 1106 5171 ss
1121 5111 1209 5186 otpctv
1220 5117 1285 5170 add.
1295 5117 1430 5187 Heyaius.
