3920 5806
333 383 398 448 230

333 561 487 643 effugiens
516 564 589 642 post
625 557 722 623 fontis
754 555 968 622 inventionem
1021 555 1161 621 νίσαντα
1189 547 1324 639 οἶστρον
1348 551 1500 637 ἐμβαλεῖν
1522 559 1571 637 τῷ
1594 547 1753 638 Πηγάσῳ,
1778 541 1878 615 ὥστε

333 705 403 750 earn
425 685 470 748 od
488 681 610 748 coelura
628 681 826 752 contenderet
844 680 968 746 evolare
1022 663 1174 729 lxdffltlv
1200 661 1262 745 piu
1289 652 1350 726 ἴδ’)
1378 655 1656 746 Βελλεροφόντην
1684 659 1741 724 καὶ
1770 679 1878 724 καῖε·

1023 776 1184 856 arpenna
1198 766 1244 845 εἰς
1258 759 1297 834 τὸ
1311 775 1369 855 τῆς
1383 768 1509 844 Λυκίας
1522 767 1651 845 πεδίον,
1721 759 1879 831 ἀλᾶσθαι

1024 877 1059 942 δὲ
1091 866 1177 940 κατὰ
1209 883 1309 940 ταῦτα
1344 873 1563 962 πηρωθέντα,
1600 865 1661 938 τὸν
1695 872 1731 938 δὲ
1762 870 1880 938 ἵππον

341 1059 347 1072 ,
373 1058 380 1072 ‚
525 1058 530 1070 .
626 1057 661 1070 Η
1023 987 1136 1064 λαβεῖν
1168 975 1229 1070 τὴν
1260 974 1322 1048 Ἠῶ
1356 983 1534 1068 δεηθεῖσαν
1565 988 1627 1045 τοῦ
1655 971 1732 1057 Διὸς
1758 981 1880 1066 δῶρον

334 1058 440 1138 imque
457 1075 579 1138 pem&
597 1057 724 1121 dmm·
748 1076 846 1140 equus
864 1061 970 1120 autem
1023 1081 1108 1176 πρὸς
1135 1081 1175 1156 τὸ
1203 1083 1341 1167 ciriacae
1372 1087 1535 1173 περιιέναι
1566 1079 1625 1164 τὰς
1652 1095 1714 1152 τοῦ
1742 1083 1876 1172 κόσμου

335 1181 515 1247 subvolasse
542 1188 574 1246 et
599 1180 683 1246 inter
706 1181 811 1246 sidera
832 1179 873 1245 ab
897 1179 970 1244 love
1023 1193 1210 1282 Μωόδους,
1248 1189 1288 1262 Ἡ
1312 1196 1347 1260 δὲ
1375 1192 1503 1280 ἱστορία
1533 1189 1625 1282 παρὰ
1652 1187 1876 1284 Άσχχηωξρῃ

335 1307 524 1373 constitutus
548 1306 753 1372 existimatur.
1025 1303 1061 1368 ἐν
1089 1302 1387 1389 Τραγῳδουμένοις.

332 829 432 894 neqree
451 809 541 890 lonpe
558 809 625 871 inm
644 808 772 906 abesset,
796 806 969 888 despiciens

334 935 378 998 cd
402 937 522 998 terrain
544 933 655 998 timore
672 934 836 1011 permotas
853 930 970 996 decidit

423 1431 510 1496 vides
532 1429 668 1497 mediam
690 1428 816 1495 tabidae
838 1434 962 1514 partem
988 1429 1029 1494 ab
1052 1435 1186 1513 unoque
1209 1428 1328 1493 eisdem
1350 1427 1416 1493 fere
1437 1427 1541 1494 verbis
1563 1427 1698 1502 narrari3
1722 1429 1762 1492 de
1784 1427 1878 1492 exitu

335 1537 535 1616 dissentiunt,
558 1559 629 1602 cum
651 1536 794 1621 Hyginus
817 1537 859 1602 ad
882 1536 1126 1602 Eratosthenem
1148 1540 1335 1612 revertatur,
1357 1556 1396 1600 en
1414 1556 1476 1619 quo
1496 1535 1592 1600 etiam
1610 1533 1666 1600 illa
1678 1540 1753 1616 post
1771 1533 1877 1615 font-is

335 1645 545 1709 inventionem
572 1644 767 1728 Asclepiadis
795 1643 899 1708 verbis
926 1643 1124 1727 interposuit.
1158 1647 1268 1708 contra
1295 1643 1328 1706 in
1354 1643 1509 1727 principio
1537 1642 1649 1726 capitis
1676 1642 1788 1726 Pegasi
1813 1663 1874 1726 pa·

335 1757 441 1816 rentes
464 1772 502 1815 er
525 1751 710 1836 Asclepiade
733 1749 983 1816 Eratosthenicis
1005 1751 1138 1816 addidit.
1170 1748 1244 1813 hinc
1265 1748 1364 1832 igitur
1386 1749 1546 1835 Hyginum
1567 1749 1765 1833 Asclepiadis
1791 1751 1874 1834 Vpu·
1946 1811 1947 1814 ,

335 1851 532 1943 γῳδαύμενα
563 1859 709 1924 manibus
736 1856 884 1922 habuisse
911 1857 1077 1934 concludo,
1108 1857 1142 1922 id
1169 1856 1253 1940 quod
1281 1857 1322 1922 ad
1353 1861 1539 1940 argumenta
1566 1856 1701 1940 tragica,
1731 1876 1811 1938 quae
1838 1855 1875 1919 in

336 1963 529 2032 Fabularum
551 1965 633 2031 libro
657 1965 782 2048 saepius
805 1970 982 2041 occurrunt,
1005 1966 1090 2029 recte
1114 1963 1310 2029 aestimanda
1333 1965 1445 2029 summi
1467 1963 1618 2030 momenti
1641 1961 1750 2046 est.¹⁹)

424 2071 473 2136 Ex
500 2072 601 2138 Istro
629 2073 711 2137 duae
738 2072 936 2136 narrationes
964 2077 1050 2136 totae
1078 2072 1293 2154 adponuntur,
1321 2091 1453 2155 quarum
1481 2090 1544 2135 una
1571 2076 1619 2135 est
1647 2071 1685 2135 de
1714 2070 1829 2136 Orione
1854 2090 1875 2134 a

336 2179 440 2244 Diana
463 2179 563 2244 invita
585 2179 744 2263 insciaque
768 2179 868 2243 occiso
892 2177 1027 2244 XXXIV
1051 2200 1080 2261 p.
1100 2178 1151 2255 73,
1172 2178 1333 2256 12-22,
1355 2180 1457 2243 altera
1486 2178 1526 2243 de
1549 2177 1700 2265 eorvc,¹⁰)
1724 2179 1874 2260 quicum

336 2286 478 2372 Apollini
496 2285 668 2368 coronidis,
685 2282 851 2370 perfidiam
873 2286 1059 2362 nuntiasset,
1082 2285 1172 2368 niger
1195 2305 1234 2350 ex
1255 2283 1329 2350 albo
1353 2285 1456 2352 factus
1474 2305 1542 2350 esse
1565 2283 1682 2350 dieitur
1698 2283 1756 2348 XL
1773 2306 1801 2368 p.
1821 2283 1872 2359 76,

340 2393 486 2458 17-20.
518 2398 633 2458 neutra
655 2392 697 2458 ad
720 2391 841 2468 sideris,
863 2390 921 2456 sub
946 2413 1007 2476 quo
1031 2392 1188 2470 adfertur,
1212 2391 1452 2475 explicationem
1475 2397 1611 2476 spectat3
1638 2397 1772 2476 utraque
1795 2390 1872 2456 Era-

336 2500 491 2568 tosthenis
519 2499 753 2565 narrationibus
777 2498 987 2583 supplementi
1014 2500 1115 2564 instar
1141 2498 1292 2564 adiuncta
1319 2503 1379 2576 est,
1411 2521 1464 2576 ne,
1491 2499 1593 2584 qualis
1620 2497 1746 2564 fabulae
1774 2497 1873 2564 forma
1946 2511 1947 2578 y

337 2609 423 2691 apud
454 2608 572 2672 Istrum
604 2611 741 2683 extaret,
772 2607 907 2672 lectores
938 2607 1129 2689 ignorarent.
1168 2605 1303 2690 denique
1334 2603 1389 2670 ubi
1418 2606 1560 2690 Hyginus
1587 2605 1806 2671 Eratosthenis
1833 2606 1872 2670 de
1946 2605 1947 2610 ’

338 2713 422 2780 Carra
449 2715 663 2779 narrationem
689 2713 808 2789 reddit,
841 2734 911 2778 cum
942 2713 1100 2778 aliatum
1128 2712 1247 2778 exitum
1273 2734 1312 2778 ex
1339 2712 1422 2778 istro
1449 2713 1603 2779 admiscet
1629 2712 1747 2778 XXXV
1771 2735 1799 2797 p.
1823 2711 1874 2788 73,

339 2821 433 2885 23-
446 2820 528 2898 74,4
552 2819 605 2904 (cf.
629 2819 924 2902 ¹Catasterismorum
946 2820 1056 2904 fragm.
1080 2843 1109 2904 p.
1130 2821 1202 2885 167.
1225 2819 1301 2908 169)
1325 2820 1421 2905 idque
1438 2823 1515 2886 satis
1534 2821 1779 2897 inconsiderate3
1802 2839 1873 2883 nam

339 2928 415 2993 dum
446 2925 563 2991 Istrum
594 2933 718 2992 secutus
749 2948 857 2992 canem
890 2927 982 2992 simul
1014 2949 1083 2992 cum
1115 2928 1209 3010 vulpe
1241 2928 1275 2990 in
1305 2927 1443 3012 lapidem
1474 2933 1630 2994 mutatum
1663 2948 1730 2992 esse
1758 2933 1872 3000 narrat,

338 3054 467 3118 prorsus
495 3031 613 3099 oblitus
641 3039 690 3099 est
717 3033 880 3099 dicendum
908 3033 1004 3099 fuisse
1032 3055 1103 3098 eum
1125 3035 1209 3099 inter
1231 3040 1318 3099 astra
1340 3056 1407 3100 esse
1430 3034 1577 3110 relatum3
1604 3056 1678 3099 nam
1700 3034 1740 3099 de
1764 3034 1871 3100 sideris
1946 3029 1947 3050 ¹

340 3139 547 3238 applicatione
575 3140 688 3224 agitur.
721 3141 799 3206 duas
830 3141 951 3226 priores
978 3142 1175 3206 narrationes
1203 3163 1241 3206 ex
1267 3141 1343 3207 Istri
1370 3140 1467 3218 libro,
1493 3143 1545 3207 cui
1568 3133 1778 3219 Ἀπόλλωνος
1805 3139 1870 3206 ἐπι-

221 3323 224 3330 ,
339 3242 473 3328 φάνειαι
492 3249 603 3314 titulus
627 3254 705 3326 erat,
728 3247 854 3314 fluxisse
872 3269 936 3313 non
954 3248 1021 3314 siue
1039 3247 1264 3332 probabilitate
1283 3249 1396 3314 statuit
1415 3248 1546 3314 Carolus
1566 3247 1718 3314 Miillerus
1736 3249 1771 3315 F.
1785 3249 1823 3314 H.
1838 3247 1870 3313 G.

340 3355 509 3439 1p.423;
535 3355 663 3421 tertiam
690 3355 731 3420 ad
763 3346 888 3422 Arreni
911 3355 1110 3420 referendam
1133 3377 1200 3420 esse
1223 3356 1432 3422 certissimum
1455 3362 1504 3422 est
1527 3377 1625 3439 coque
1647 3357 1773 3421 rettulit
1796 3355 1870 3420 bliil·
1946 3359 1947 3380 ¹

339 3461 424 3526 lerus
451 3463 472 3527 l.
491 3485 515 3527 c.
543 3485 573 3546 p.
595 3462 669 3528 420.
703 3467 842 3527 ceterum
869 3463 1003 3528 eundem
1031 3462 1148 3528 Istrum
1175 3453 1346 3548 Apyoltxd
1373 3462 1534 3546 scripsisse
1562 3467 1694 3527 constat.
1716 3484 1744 3527 v.
1768 3461 1870 3548 Steph.

340 3567 412 3651 Byz.
442 3589 466 3632 s.
495 3590 521 3633 v.
549 3561 650 3634 Arria.
686 3569 792 3633 Athen
819 3569 894 3634 XIV
931 3591 961 3654 p.
989 3569 1055 3634 650
1082 3569 1116 3634 B.
1148 3569 1182 3634 F.
1207 3569 1246 3636 ll.
1271 3569 1307 3635 G.
1336 3569 1352 3632 l
1378 3593 1408 3654 p.
1436 3571 1502 3634 424
1534 3567 1572 3634 fr.
1605 3569 1657 3633 43.
1685 3568 1737 3634 44.
1770 3571 1871 3655 itaque
1946 3601 1947 3616 2

340 3673 503 3758 Prosymni
536 3675 657 3753 fabule,
689 3698 784 3760 quam
811 3675 954 3760 Hyginus
987 3698 1026 3741 ex
1054 3676 1112 3752 eis,
1145 3677 1201 3760 qni
1227 3675 1381 3759 Argolica
1411 3677 1678 3757 conscnpserant,
1710 3677 1870 3742 narratV

340 3805 369 3866 p.
388 3781 441 3859 39,
461 3781 480 3846 8
501 3819 542 3830 -
561 3782 619 3860 40,
637 3784 671 3859 3,
702 3783 837 3850 fortasse
868 3783 910 3848 ad
942 3783 1076 3849 eundem
1107 3782 1225 3849 Istrum
1257 3782 1423 3849 referenda
1454 3789 1509 3848 est.
1542 3785 1675 3848 eandem
1701 3805 1741 3849 ex
1768 3785 1871 3851 eodem

341 3887 427 3953 fonte
449 3887 597 3953 haustam
619 3889 675 3956 sed
697 3911 810 3973 graeca
829 3890 937 3974 lingua
955 3896 1135 3956 enarratam
1153 3892 1185 3955 in
1203 3890 1360 3975 Anonymi
1378 3891 1529 3956 analectis
1547 3890 1775 3976 mythologicis,
1797 3913 1870 3975 quae
1946 3981 1947 3984 Ἴ

340 3995 374 4058 in
404 3994 487 4060 libro
514 3995 727 4062 Laurentiano
755 3996 849 4073 50‚1
880 4004 1004 4064 servata
1036 4005 1121 4075 sunt,
1153 4018 1314 4063 recurrere
1346 3998 1409 4064 iam
1436 3997 1693 4064 Wilamowitzius
1725 4021 1812 4064 meus
1842 4001 1870 4063 in

341 4101 501 4168 Analectis
523 4101 705 4186 Euripideis
727 4124 757 4186 p.
784 4103 843 4169 181
865 4126 888 4170 s.
912 4106 1018 4170 adnot.
1041 4105 1063 4170 4
1086 4104 1325 4190 observavitfl)

431 4335 463 4400 ι1)
482 4331 521 4388 cf.
543 4349 613 4402 quae
632 4334 666 4389 de
681 4333 857 4404 Asclepiadis
870 4335 1041 4404 Tragilensis
1059 4335 1130 4392 libro
1145 4335 1372 4392 Wilamowitzius
1391 4351 1467 4391 meus
1486 4334 1566 4390 Auel.
1581 4336 1647 4390 Eur.
1665 4353 1693 4406 p.
1709 4337 1759 4392 181
1777 4336 1839 4391 adn.
1848 4335 1868 4400 3,

341 4438 392 4492 ego
411 4424 445 4478 de
465 4423 625 4492 Apollodori
644 4422 712 4477 bibl.
730 4440 757 4492 p.
777 4425 811 4479 74
830 4423 1037 4493 disputavimus.
1946 4467 1947 4474 .

431 4512 464 4580 ³⁰)
483 4511 629 4568 Simillima
648 4511 761 4568 Ovidius
779 4514 846 4569 Met.
867 4513 893 4568 II
913 4515 1062 4570 aaa-546.
1086 4515 1227 4572 596-632
1246 4513 1363 4570 fumasse
1382 4531 1417 4570 ex
1436 4515 1532 4570 eodem
1551 4515 1621 4569 Istro
1639 4521 1740 4570 narrat.
1770 4512 1869 4569 Fabula

341 4603 393 4682 202
411 4609 502 4658 utrum
526 4602 561 4658 ab
584 4601 645 4672 ipso
663 4601 772 4673 Hygino
796 4619 829 4658 er
854 4603 950 4658 eodem
973 4605 1044 4658 Istro
1066 4604 1187 4673 repetita
1210 4603 1247 4658 sit
1269 4620 1305 4660 au
1324 4604 1359 4658 ab
1383 4603 1580 4673 interpolatore
1599 4619 1634 4658 ex
1652 4602 1749 4659 Ouidio
1772 4602 1867 4664 additu,

341 4690 493 4746 diiudicare
511 4707 583 4746 nuuc
603 4691 712 4762 quidem
732 4707 906 4764 nequaquam
925 4692 1021 4748 ausim.
1040 4693 1248 4763 antiquissimus
1265 4693 1398 4750 historiae
1416 4699 1512 4750 auctor
1530 4692 1667 4749 Hesiodus
1685 4697 1729 4748 est
1747 4692 1775 4748 iu
1795 4693 1866 4749 cau-

341 4778 410 4848 legis
429 4779 472 4840 ttr.
492 4781 543 4836 142
562 4782 722 4850 Marhsch.).

430 4869 464 4936 ⁸¹)
483 4869 603 4926 Fallitur
625 4870 852 4927 Wilamouitaius
876 4873 1047 4943 Polymnum,
1077 4873 1149 4942 quod
1171 4889 1270 4928 nomen
1294 4873 1447 4929 Pausaniae
1470 4873 1536 4929 libri
1559 4873 1702 4938 subibant,
1730 4872 1863 4928 rectiorem

340 4957 456 5018 formam
476 4975 535 5018 esse
555 4960 718 5034 smpicatus.
746 4961 829 5020 immo
848 4962 921 5032 apud
935 4961 1099 5020 Pausaniam
1118 4963 1146 5018 11
1164 4963 1207 5030 37,
1226 4965 1243 5017 5
1263 4957 1432 5036 Πρόσιιμνας
1449 4979 1498 5035 pro
1517 4957 1663 5030 Πόλυμνος
1676 4961 1863 5018 restituendum
