3920 5806
1558 402 1621 468 231

177 577 405 645 Euhemerus
427 583 478 644 ter
500 585 760 646 commemoratur
782 579 844 644 XII
866 602 895 664 p.
919 580 977 656 46,
995 581 1047 658 21,
1066 581 1116 645 22.
1140 579 1218 646 XIII
1242 603 1271 664 p.
1294 579 1512 659 49,12-17,
1534 579 1624 646 XLII

74 707 112 767 p.
141 684 226 762 80,9
251 685 347 772 idque
370 706 492 768 semper
519 685 553 752 in
579 685 641 752 fine
664 688 790 771 capitis,
817 692 984 770 postquam
1006 687 1227 754 Eratosthenis
1254 687 1452 754 narrationes
1478 689 1623 754 redditae

75 795 173 866 sunt;
202 798 238 856 at
270 815 340 858 eum
367 792 593 859 Eratosthenes
624 794 665 859 ad
692 793 904 860 Euhemerum
930 815 994 860 000
1020 796 1208 878 respexerit,
1239 795 1341 879 ipsum
1369 795 1527 881 Hyginum
1556 797 1623 862 0103

75 890 179 984 ἱερὰν
202 889 400 987 ἀναγραφήν
423 901 536 984 legisse
558 901 761 967 manifestum
784 908 840 968 est.

175 1004 277 1071 Semel
305 1013 587 1074 commemorantur
614 1007 848 1092 Phylarchus
875 1007 931 1072 XL
954 1031 984 1091 p.
1008 1009 1059 1085 77,
1080 1009 1218 1086 1-78,
1238 1010 1267 1086 7,
1299 1008 1495 1094 Polyaelus
1522 1009 1621 1076 Rho·

75 1113 170 1176 dius
187 1112 262 1178 XIV
280 1136 309 1197 p.
328 1113 381 1191 51,
403 1115 519 1192 1-14,
541 1113 655 1192 Leon,
678 1116 734 1196 001
757 1135 807 1180 003
824 1115 1002 1199 Aegyptias
1023 1115 1287 1196 00030703171111
1305 1137 1334 1199 p.
1353 1117 1405 1194 61,
1424 1117 1583 1195 20-62,
1593 1118 1622 1182 6.

76 1241 163 1302 0000
185 1227 292 1286 utrum
315 1222 383 1305 ipse
401 1222 544 1306 Hyginus
568 1223 681 1306 legerit
704 1244 745 1288 an
763 1222 899 1300 aliunde,
922 1222 1056 1288 fortasse
1075 1245 1113 1287 ex
1132 1222 1328 1289 Parmenisco
1348 1223 1504 1302 habuerit,
1527 1225 1622 1291 certis

72 1330 277 1410 argumentis
305 1328 471 1394 diiudicari
497 1330 615 1414 nequit.
648 1329 839 1416 Polyzeli22)
867 1330 1080 1394 narrationem
1108 1330 1193 1413 apud
1215 1329 1449 1395 Parmeniseum
1472 1332 1623 1408 extitisse,

73 1455 180 1518 supra
202 1458 231 1519 p.
256 1435 319 1502 228
344 1436 470 1502 conieci.
502 1435 748 1513 Laodamiam,
776 1458 868 1520 quem
895 1437 944 1502 vel
972 1436 1140 1520 scriptores
1169 1436 1373 1502 ecelesiastici
1400 1444 1622 1520 coguoverunt,

75 1541 275 1608 Clementem
295 1543 544 1608 Alexandrinum
567 1543 638 1609 dico
657 1542 832 1610 Arnobium
850 1543 1142 1630 Tertullianum,²³)
1161 1543 1201 1610 ab
1221 1544 1346 1628 Hygino
1365 1565 1488 1629 quoque
1505 1545 1622 1611 lectum

75 1671 151 1714 esse
169 1650 365 1716 crediderim.
385 1651 488 1716 eidem
504 1649 604 1717 Leoni
620 1651 725 1716 nescio
744 1671 785 1714 an
804 1650 973 1717 tribuenda
990 1651 1062 1730 siut,
1081 1673 1161 1736 quae
1179 1651 1316 1717 XXVIII
1330 1675 1359 1735 p.
1371 1652 1423 1730 69,
1432 1652 1475 1716 22
1486 1689 1526 1702 -·
1539 1652 1619 1730 70,7

77 1778 121 1820 ex
148 1756 379 1840 Aegyptiorum
410 1757 608 1823 secerdotum
638 1762 667 1823 07
699 1757 927 1824 nonnullorum
952 1762 1122 1839 00070000
1153 1758 1387 1824 narrationibus
1419 1757 1620 1837 adferuntur3

76 1863 177 1928 immo
210 1865 238 1928 si
270 1864 340 1949 quis
367 1863 508 1930 fabulam
534 1871 644 1948 aperte
673 1863 961 1952 Aegyptiacam‚¹⁴)
994 1886 1075 1949 quae
1103 1866 1142 1931 de
1169 1887 1258 1932 socco
1287 1865 1418 1932 Veneris
1446 1865 1486 1932 ab
1514 1867 1622 1950 aquila

77 1975 174 2054 rapto
202 1977 235 2036 et
266 1972 299 2035 in
328 1972 505 2056 Aegyptum
536 1972 642 2038 delato
669 1972 830 2056 profertur
861 1971 935 2036 XVI
962 1994 993 2056 p.
1015 1973 1068 2050 56,
1093 1973 1219 2049 7-14,
1253 1973 1294 2039 36
1321 1975 1456 2039 000600
1483 1973 1621 2040 Leonem

76 2077 200 2144 referre
223 2079 367 2157 voluerit,
390 2080 535 2162 equidem
558 2087 643 2146 certe
665 2081 752 2145 nullo
775 2081 869 2146 modo
892 2078 1052 2164 obloquor.

169 2184 271 2252 Venio
303 2187 345 2252 ad
375 2192 498 2270 poetas3
530 2192 625 2270 atque
652 2187 762 2252 Arati
790 2207 915 2252 carmen
942 2187 983 2252 ab
1010 2187 1079 2271 ipso
1102 2186 1228 2270 Hygino
1254 2186 1371 2252 lectum
1398 2208 1465 2252 esse
1492 2189 1544 2252 rix
1572 2195 1621 2254 est

78 2293 164 2377 quod
190 2313 345 2369 moneam3
374 2294 469 2360 immo
496 2294 529 2358 in
556 2293 632 2360 libri
658 2294 766 2378 quarti
788 2295 890 2378 capite
913 2294 1009 2360 tertio
1031 2316 1062 2377 p.
1085 2293 1158 2371 103,
1178 2293 1218 2358 15
1237 2315 1260 2360 0.
1288 2295 1367 2360 6003
1390 2316 1429 2358 ex
1452 2315 1489 2361 eo
1512 2317 1621 2362 versus

79 2422 142 2466 una
166 2422 237 2466 cum
260 2399 421 2466 Ciceronis
443 2403 585 2466 versione
608 2401 769 2468 adscribit
793 2401 848 2466 sed
871 2402 968 2466 etiam
990 2402 1024 2466 10
1046 2397 1129 2467 libro
1152 2399 1287 2466 secundo
1310 2402 1352 2465 ad
1375 2423 1447 2467 eum
1468 2404 1622 2487 respexit3

79 2505 167 2572 velut
194 2529 232 2572 ea
258 2505 367 2584 verba,
400 2527 480 2590 quae
507 2507 641 2574 XXXIV
669 2532 699 2592 p.
724 2509 779 2585 73,
808 2508 921 2573 7-10
949 2507 1169 2574 Eratosthenis
1196 2509 1236 2572 de
1264 2507 1380 2574 Orione
1406 2512 1620 2576 narrationem

79 2614 252 2698 excipiunt:
284 2615 433 2680 nonnulli
465 2619 569 2681 00700
600 2618 695 2682 07007
719 2616 840 2682 Oriona
868 2635 937 2680 eum
964 2614 1141 2696 Oenopione
1162 2617 1393 2696 0000001070
1420 2618 1620 2682 0007000700

80 2723 224 2786 00770710
246 2723 379 2786 07073330
406 2727 448 2800 07,
478 2723 564 2804 0006
587 2724 615 2788 07
637 2723 771 2789 00700077
799 2743 891 2787 30007
917 2723 1058 2788 studium
1080 2724 1117 2788 70
1143 2723 1288 2788 00000770
1306 2724 1461 2806 probare,
1488 2723 1621 2792 1770000

79 2851 205 2912 quoque
227 2829 408 2910 0077107700
436 2851 518 2913 0000
544 2851 645 2912 snpra
674 2831 814 2896 67070703
840 2834 870 2895 07
896 2831 944 2895 ito
971 2831 1171 2912 interfectum
1197 2837 1307 2916 aperte
1329 2833 1370 2896 ad
1394 2831 1504 2898 horum
1531 2832 1620 2896 Arati

78 2958 225 3002 versuum
250 2937 486 3004 similitudinem
508 2939 626 3023 scripta
649 2945 722 3002 sunt
745 2937 938 3002 638-640

666 3045 739 3128 Χίῳ
764 3035 819 3112 ὅτε
843 3045 946 3130 θηρία
968 3039 1082 3109 πάντα

398 3145 559 3238 καρτερὸς
580 3144 696 3236 Ὠρίων
720 3156 856 3238 στιβαρῇ
880 3150 1044 3218 ἐπέκοπτε
1067 3147 1194 3236 κορύνῃ

399 3255 504 3346 θήρης
528 3251 713 3344 ἀρνύμενος
735 3260 837 3343 κείνῳ
859 3253 955 3344 χάριν
982 3257 1175 3324 Οἰνοπίωνι.
1273 3261 1279 3272 ’

80 3366 227 3431 similiter
240 3366 288 3431 Ill
304 3366 324 3430 2
338 3389 368 3450 p.
379 3367 431 3444 81,
448 3368 486 3432 17
499 3405 541 3414 -
553 3367 605 3444 82,
619 3366 639 3430 3
658 3367 811 3432 Draconis
826 3365 940 3450 0031710
955 3387 994 3430 ex
1008 3365 1099 3430 Arati
1113 3363 1254 3430 versibus
1268 3363 1401 3430 45-62
1421 3364 1618 3435 describitur.

170 3472 439 3538 Callimachum
464 3480 496 3538 et
517 3472 811 3540 Eratosthenem
833 3473 874 3539 ab
892 3473 1017 3558 Hygino
1040 3473 1138 3538 lectos
1161 3493 1229 3538 esse
1253 3473 1314 3537 iam
1334 3473 1366 3536 in
1385 3472 1619 3556 Prolegomenis

82 3581 255 3665 suspicatus
282 3602 352 3645 sum
379 3603 408 3664 p.
432 3580 462 3644 5.
481 3581 554 3656 600
585 3601 625 3646 er
651 3581 872 3646 Eratosthenis
899 3580 1039 3664 Erigone
1065 3584 1098 3645 et
1124 3599 1248 3645 versum
1275 3585 1308 3645 et
1334 3584 1436 3644 totam
1464 3579 1503 3645 de
1529 3579 1617 3646 hirco

82 3687 221 3753 fabulam
252 3687 370 3771 adponi
401 3687 446 3752 IV
477 3710 506 3771 p.
535 3685 591 3766 35,
618 3689 730 3753 4-11
764 3688 916 3764 arbitror3
948 3689 987 3752 de
1020 3685 1176 3752 MerourIo
1209 3685 1334 3763 dubito,
1365 3691 1401 3750 ut
1433 3687 1500 3752 dixi
1530 3711 1560 3772 p.
1588 3689 1618 3754 6.

84 3795 291 3860 Callimachus
323 3793 493 3860 adhibetur
525 3796 565 3860 de
592 3794 697 3879 Hippe
723 3794 830 3860 XVIII
852 3817 883 3878 p.
906 3793 963 3872 59,
986 3794 1109 3870 9-11,
1141 3792 1180 3857 60
1208 3791 1324 3858 Orione
1351 3793 1486 3860 XXXIV
1513 3816 1542 3878 p.
1567 3794 1618 3872 73,

86 3902 230 3980 10-12,
262 3903 302 3966 60
328 3901 415 3983 Argo
447 3899 599 3967 XXXVII
636 3926 665 3987 p.
694 3903 745 3979 74,
769 3903 810 3968 21
827 3939 868 3949 -
890 3901 941 3978 75,
959 3901 995 3978 2;
1027 3899 1186 3984 prioribus
1218 3898 1342 3965 duobus
1373 3901 1449 3966 locis
1481 3922 1544 3967 000
1577 3903 1617 3967 06

82 4011 231 4094 hymnum
266 4010 299 4074 in
331 4008 467 4074 Dianam
497 4030 524 4072 v.
549 4009 627 4087 265,
652 4009 731 4087 266,
763 4009 818 4074 306
849 4009 891 4074 06
923 4008 1121 4091 deperditum
1153 4006 1282 4090 aliquod
1314 4029 1452 4085 carmen,
1483 4007 1618 4074 fortasse

84 4109 264 4202 Ἀρκαδίαν,
294 4117 410 4200 respici
441 4121 551 4182 contra
583 4115 739 4182 Naekium
775 4121 860 4181 recte
892 4114 1005 4180 statuit
1036 4113 1244 4180 Schneiderus
1277 4115 1308 4179 in
1341 4115 1559 4180 CaIIImaoheis
1586 4115 1618 4180 II

84 4247 112 4307 p.
134 4224 199 4288 574
210 4245 248 4297 0.;
274 4223 359 4289 idem
385 4226 517 4290 tertium
543 4223 584 4288 ad
607 4222 706 4289 Αἴτνα
733 4223 942 4308 probabiliter
968 4221 1092 4287 rettulit
1115 4223 1135 4287 l.
1154 4243 1179 4286 o.
1203 4244 1232 4305 p.
1251 4221 1308 4299 58;
1338 4242 1528 4306 quamquam
1554 4243 1618 4286 000

84 4331 258 4414 negaverim
281 4328 360 4395 haee
383 4353 506 4416 quoque
529 4331 689 4416 Hyginum
711 4330 839 4396 aliunde
862 4329 979 4396 habere
1005 4351 1110 4414 posse,
1138 4327 1270 4394 fortasse
1298 4349 1335 4394 ex
1359 4328 1543 4395 Callimachi
1569 4329 1618 4394 di-

87 4463 135 4522 030
155 4457 284 4512 cohaeret
304 4454 376 4509 0010
395 4471 493 4510 nomen
513 4471 574 4510 cum
594 4455 693 4510 Cerere
714 4448 877 4524 Προσύμνῃ,
898 4470 968 4523 quae
987 4460 1016 4508 et
1033 4453 1096 4523 ipsa
1113 4454 1221 4509 Lernae
1241 4453 1316 4508 culta
1333 4468 1351 4508 a
1370 4453 1506 4508 Pausania
1523 4453 1618 4524 paullo

86 4551 162 4600 antea
182 4545 269 4611 1137,
289 4545 305 4600 2
325 4551 558 4600 commemoratur.
587 4543 623 4599 01.
642 4543 726 4598 etiam
746 4543 846 4600 Kaihel
864 4543 959 4613 Epigr.
980 4558 1070 4613 graec.
1090 4543 1150 4598 821.

169 4633 203 4701 ⁹¹)
222 4633 343 4706 Polyzeli
366 4634 498 4690 memoria
520 4640 667 4704 praeterea
689 4635 763 4702 apud
787 4634 961 4688 Athenaeum
980 4633 1046 4688 VIII
1065 4649 1091 4702 p.
1111 4633 1161 4687 361
1183 4649 1209 4698 0,
1230 4632 1407 4688 Plutarchum
1429 4631 1511 4688 Solon
1530 4631 1572 4698 15,
1592 4633 1617 4698 9,

87 4724 199 4793 6001000
218 4723 246 4777 10
265 4723 378 4779 scholiis
397 4723 542 4780 Hesiodeis
561 4724 596 4778 36
615 4723 706 4793 Opera
723 4739 749 4778 r.
768 4723 785 4777 9
803 4729 914 4778 serrata
932 4729 982 4778 007.
1011 4721 1045 4777 01.
1065 4721 1096 4776 F.
1116 4721 1150 4776 Η.
1172 4721 1205 4776 G.
1224 4721 1262 4776 IV
1280 4737 1307 4790 p.
1325 4721 1387 4776 481.

49 4799 56 4820 ⁶
169 4811 590 4882 00000000.

167 4901 202 4970 ¹⁴)
220 4902 340 4972 Egregie
368 4901 563 4958 animadvertit
589 4901 740 4958 Bursianua
767 4895 953 4971 Sit'aungsber.
981 4902 1006 4954 d.
1031 4899 1107 4970 bayr.
1130 4899 1221 4955 Ahad.
1248 4899 1316 4956 1876
1344 4895 1617 4970 0291000070ίο

88 4996 207 5058 monstro,
227 4991 298 5060 quod
318 4997 360 5046 037
377 4989 550 5060 7100070700
568 5023 601 5032 -
620 4993 661 5048 173
680 4993 753 5048 0010
771 4993 821 5046 RV
840 5021 882 5059 -,
901 4989 1057 5048 Anubidem
1076 4989 1173 5044 latere.
