3906 5800
178 437 268 492 snum.
287 435 380 492 Grau.
400 436 432 491 G.
452 453 478 506 p.
499 437 558 499 125,
580 437 621 491 1⁷.

1065 439 1194 494 Hrunurs
1213 436 1248 504 11,
1267 439 1310 494 25.
1515 439 1557 504 83

130 618 210 694 Quam
233 616 375 682 fabulose
394 615 551 683 Hesiodus
570 615 647 684 dicit
665 616 764 683 filiam
861 616 1512 686 HanoHasiorluslovisutThemidisfilia-m
1612 617 1665 672 lx.

94 725 168 790 fuisse
188 723 267 790 Iovis
290 729 323 790 et
348 723 468 790 Dizuiae
492 731 524 790 ut
546 731 688 792 vocatam
711 724 763 791 Iu·
817 726 906 802 dixit,
925 727 1041 792 Aratus
1059 730 1165 790 autem
1180 724 1304 790 Astraei
1325 730 1357 791 ut
1370 724 1512 790 Aurorae
1594 707 1684 778 Virqo.

92 833 195 898 stitiam.
218 831 300 898 huuc
314 831 564 898 secutusAratus
575 833 762 917 dicitquod,
816 831 914 898 filiam
936 833 1124 909 existimari,
1145 854 1226 918 quae
1244 832 1354 897 sudam
1372 838 1513 918 tempora

92 961 143 1004 rum
159 944 236 1004 asset
256 938 343 1022 prius
364 939 551 1017 inmortalis,
575 961 645 1005 uum
663 939 763 1004 homi·
816 939 920 1018 fuerit,
929 939 1513 1016 oumaureasaeaulahominumessunt,

76 1046 162 1111 suibus
185 1045 366 1111 versabatur
389 1052 463 1112 uta
490 1047 678 1129 quibusdam
701 1069 763 1112 nou
817 1054 848 1112 et
870 1067 976 1112 eorum
999 1047 1172 1131 principem
1191 1046 1286 1112 fuisse
1310 1047 1539 1111 demonstraus

89 1152 238 1218 ridebatur.
279 1173 349 1217 cum
372 1152 555 1220 mulieribus
577 1160 646 1220 erat
668 1161 700 1220 et
722 1153 762 1220 ub
817 1175 910 1236 quam
918 1158 1053 1236 propter
1067 1154 1266 1238 ditiymtiam
1280 1158 1308 1218 et
1322 1155 1513 1236 aeqaitatem

87 1261 119 1324 ais
134 1259 255 1325 lustitia
273 1259 451 1326 vocabatur.

77 2327 204 2384 rDianae:
216 2325 371 2400 Ἀρτέμιδος
389 2330 454 2400 ῑερὶι
468 2346 522 2400 pro
544 2328 669 2398 θέμιδος,

817 1260 974 1326 Iustitiam
1001 1262 1205 1345 adpellatam3
1233 1282 1334 1342 usqua
1357 1260 1411 1326 illo
1434 1266 1512 1326 tem·

815 1389 892 1451 pore
922 1368 963 1434 ab
999 1367 1178 1434 hominibus
1210 1373 1333 1432 exteras
1368 1368 1512 1433 nationes

815 1474 898 1540 ballo
934 1476 1095 1542 lacessitas
1132 1497 1199 1540 ussa
1244 1495 1345 1561 nuque
1385 1475 1510 1558 navigio

814 1603 1001 1667 quemquam
1034 1604 1137 1658 usum,
1168 1582 1224 1647 sad
1256 1582 1341 1664 agris
1372 1581 1511 1648 colandis
1523 1593 1555 1646 10

814 1690 911 1754 vitam
930 1689 1013 1754 aiere
1033 1709 1205 1755 consuesse.
1237 1689 1294 1755 sed
1312 1693 1383 1774 post
1402 1710 1509 1754 aurum

814 1794 933 1860 obitum
946 1797 998 1880 qui
1010 1797 1073 1862 sint
1082 1798 1159 1874 nati,
1169 1817 1222 1862 eos
1231 1796 1336 1862 minus
1346 1794 1511 1874 officiosos,

813 1903 912 1986 magis
926 1925 1035 1968 avaros
1050 1904 1189 1987 coepisse
1200 1901 1276 1968 fieri.
1301 1923 1398 1988 quare
1408 1903 1510 1968 miuus

813 2008 969 2074 Iustitiam
994 2010 1077 2075 inter
1099 2010 1241 2076 homines
1260 2031 1327 2076 esse
1346 2014 1510 2076 versatam.

813 2330 851 2384 lx
862 2329 1051 2384 Tusmuosu:
1064 2330 1138 2384 Serv.
1148 2331 1246 2384 Bucol.
1259 2330 1308 2383 IV.
1317 2333 1341 2384 6.
1362 2330 1470 2384 Probus
1475 2348 1504 2398 p.
1511 2334 1553 2384 31.

883 2419 947 2487 Ipse
966 2419 1096 2488 Hyyinas
1115 2417 1205 2472 denuo
1224 2419 1345 2473 Aratum
1363 2421 1487 2474 contulit.

847 2525 860 2562 a
879 2507 950 2562 dixit
964 2507 1032 2561 RM.
1048 2507 1116 2561 dicit
1131 2508 1188 2561 alii.
1243 2518 1363 2564 resssnt
1378 2509 1412 2563 R.
1429 2525 1478 2562 om.
1495 2509 1553 2563 alii.

813 2613 837 2652 ιι
858 2596 932 2652 alere
958 2595 1197 2650 Wilamowitar'aa:
1215 2613 1297 2667 agere
1316 2597 1387 2652 libri.
1448 2613 1473 2654 ιι
1492 2614 1553 2652 asse

814 2693 947 2741 versatam
967 2685 1096 2739 BMPR:
1114 2685 1198 2741 fuisse
1218 2692 1405 2742 conversatam
1425 2687 1490 2742 DG.
