3920 5806
352 580 558 646 Strozzionus.
1046 580 1265 666 Mythograph.
1288 580 1388 646 Vatio
1412 577 1453 644 II.

98 688 184 754 funse
205 708 268 752 uno
291 688 395 765 oculo,
422 709 485 752 una
507 687 720 772 pulcritudine
741 689 825 752 inter
1180 703 1236 759 lob.
1258 706 1317 760 112.

97 815 127 860 se
161 796 439 874 communicantes,
481 816 635 878 quarum
677 796 826 860 nomina
923 794 1084 878 Gorgones
1111 798 1176 860 tres
1204 795 1344 871 fuerunt,
1376 793 1514 860 Stheno
1541 793 1616 860 En·

97 906 271 985 potantur
309 903 430 986 prima
465 897 621 980 Σθενώ,
662 901 827 968 secunda
879 901 983 986 ryale
1006 901 1159 966 Medusa
1183 900 1293 994 lilios
1320 900 1562 985 Phoroiregis
1585 907 1617 966 et

17 1058 19 1067 .
97 999 282 1094 Εὐρυάλη,
313 1009 433 1074 tortia
460 1007 653 1074 Μέδουσα.
692 1029 712 1072 a
743 1008 825 1092 qui·
880 1008 1068 1096 Cretidis⁶²)
1101 1008 1255 1094 nymphae
1290 1057 1451 1074 ......
1487 1008 1554 1073 has
1586 1008 1618 1073 si

17 1123 18 1130 ’
94 1114 242 1179 busdam
265 1136 352 1180 vero
371 1137 391 1180 a
409 1115 578 1180 Minerva
595 1117 747 1180 missum
770 1115 825 1180 di·
880 1117 962 1198 quis
985 1115 1097 1191 vidit,
1124 1121 1277 1198 stupore
1301 1116 1432 1180 statim
1459 1114 1497 1180 in
1520 1113 1617 1197 lapi-

92 1221 187 1284 citur
205 1227 242 1285 et
259 1222 293 1286 ei
312 1221 648 1306 clipeumvitreum
667 1223 826 1299 dedisse,
879 1224 960 1292 dem
992 1243 1120 1288 versus
1152 1229 1208 1286 eet
1360 1243 1455 1305 quam
1486 1221 1618 1287 Perseus

91 1350 154 1410 per
179 1349 286 1411 quem
309 1329 438 1396 videre
466 1351 532 1396 nec
554 1330 676 1395 videri
704 1328 750 1394 ab
773 1329 826 1393 eie
879 1327 962 1394 filius
989 1329 1071 1394 lovis
1100 1334 1132 1393 et
1158 1329 1284 1396 Danaes
1310 1351 1330 1394 e
1356 1329 1523 1412 Polydecte
1545 1349 1619 1412 rege

92 1441 222 1519 posset.
879 1437 1001 1513 missus,
1019 1441 1175 1519 accepto
1194 1435 1407 1512 eMinerva‚
1426 1456 1469 1500 ne
1487 1457 1508 1500 a
1522 1433 1618 1500 Gor·

93 1543 184 1626 (qnae
206 1545 368 1618 secuntur,
390 1564 429 1606 ex
450 1543 681 1610 Basileensibus
703 1547 828 1626 sumpta
880 1564 975 1628 gone
1009 1547 1138 1626 posset
1174 1543 1309 1618 videri,
1343 1544 1465 1608 vitreo
1498 1541 1618 1625 clipeo

15 1646 21 1749 j
92 1653 184 1735 sunt.)
880 1651 1115 1732 interceptoque
1146 1647 1181 1713 in
1212 1650 1321 1734 primis
1350 1648 1540 1715 Phorcidum
1570 1648 1619 1713 lu-

880 1757 976 1832 mine,
1009 1777 1070 1840 qno
1102 1757 1234 1822 invicem
1261 1755 1412 1822 custodiis
1439 1756 1619 1834 utebantur,

876 1863 1040 1948 ,interfecit
1062 1884 1088 1928 e.
1106 1885 1135 1947 q.
1154 1885 1177 1926 s.

15 2017 16 2021 ,
92 1971 199 2036 Altera
221 1976 271 2035 est
293 1973 333 2036 de
357 1971 552 2054 Ganymede:

120 2112 144 2162 p.
165 2096 225 2159 153,
245 2095 357 2150 9-12.
378 2093 412 2148 cl.
433 2094 534 2148 (latest.
554 2093 650 2164 fragm.
671 2111 697 2164 p.
719 2095 770 2148 144
780 2109 801 2148 s.
1185 2093 1240 2148 sab.
1262 2095 1320 2149 198.

134 2185 274 2266 cunum
296 2183 406 2250 colunt
428 2183 641 2266 Goaynwdcm
664 2204 733 2248 eum
755 2203 828 2262 esse,
882 2247 894 2254 ,
926 2183 1175 2267 Ganymedes,
1205 2184 1325 2249 Troili
1355 2185 1439 2266 regis
1471 2184 1620 2249 Troiano-

92 2291 263 2377 monim)
287 2297 325 2357 et
348 2290 584 2356 Callirrhoes
606 2290 737 2355 lilium
765 2293 829 2374 qui
881 2312 952 2355 rum
986 2296 1023 2358 et
1054 2290 1290 2356 Callirrhoae
1325 2289 1447 2368 silius,
1492 2297 1648 2375 propter*

93 2421 166 2464 oum
203 2399 242 2462 in
279 2397 346 2462 Ida
382 2405 505 2462 monte
537 2403 751 2475 venaretur,
788 2397 828 2462 ob
882 2398 1021 2481 corporis
1044 2398 1302 2482 pulcritudinem,
1323 2419 1363 2464 ne
1386 2398 1548 2464 infamiam
1570 2419 1621 2464 co-

92 2507 217 2570 nimiam
247 2504 491 2588 pulcritudinem
518 2525 538 2568 a
564 2505 637 2570 Iove
664 2505 828 2570 adamatos
881 2505 970 2570 nubii
1001 2505 1163 2570 masculini
1196 2504 1330 2581 subiret,
1366 2506 1451 2570 dum
1487 2507 1524 2570 in
1554 2504 1622 2570 Ida

93 2618 124 2678 et
146 2633 212 2696 per
234 2612 399 2716 aquilam
425 2615 556 2695 raptus
584 2617 615 2676 et
638 2610 722 2676 inter
743 2617 830 2676 astra
882 2611 979 2676 silva
1004 2618 1221 2688 venaretur,
1247 2611 1292 2676 ab
1321 2613 1448 2695 aquila
1476 2613 1512 2677 in
1539 2631 1620 2677 oae-

91 2720 277 2786 conlocatns.
884 2719 958 2784 lum
980 2725 1112 2801 raptus
1135 2741 1160 2784 e.
1179 2741 1209 2801 q.
1227 2739 1250 2784 s.

177 2843 302 2910 Similia
332 2864 407 2908 sane
439 2844 537 2909 ceteri
568 2863 691 2926 quoque
718 2842 940 2927 mythogrephi
968 2843 1114 2908 Vaticani
1142 2849 1273 2908 narrant
1301 2842 1331 2928 (Ι
1357 2843 1427 2908 130.
1454 2845 1524 2909 137.
1551 2844 1621 2908 184.

90 2951 135 3016 ΙΙΙ
157 2951 256 3028 14,1.
282 2951 331 3027 15,
353 2950 408 3037 11)
440 2950 525 3014 haud
558 2949 653 3014 dubie
685 2971 723 3014 ex
756 2951 866 3016 eodem
897 2948 985 3014 fonte
1017 2951 1171 3026 derivata,
1204 2951 1260 3014 sed
1286 2953 1437 3016 omittunt
1463 2951 1623 3026 nonnulla,

90 3059 175 3123 velut
193 3057 384 3122 Callirrhoes
406 3078 529 3134 nomen,
552 3061 585 3122 et
606 3057 790 3140 plemmque
813 3057 883 3122 aliis
906 3056 1010 3122 verbis
1028 3063 1161 3122 utuntur
1178 3062 1274 3140 atque
1293 3077 1372 3142 quae
1390 3059 1423 3122 in
1441 3056 1623 3122 Strozziano

91 3173 122 3231 ot
149 3167 235 3248 apud
262 3164 526 3248 mythographnm
552 3164 685 3229 alterum
713 3164 853 3248 legimus.
884 3185 986 3249 neque
1014 3169 1120 3229 tamen
1147 3164 1286 3230 arbitror
1313 3164 1415 3247 ipsum
1442 3165 1623 3249 mythogra

89 3273 187 3355 phum
219 3293 240 3335 a
271 3271 461 3337 scholiorum
491 3270 742 3336 Strozzianorum
778 3277 906 3336 anctore
938 3270 1115 3355 adhibitum
1152 3291 1228 3336 esse.
1270 3276 1393 3336 constat
1424 3271 1507 3335 enim
1540 3272 1624 3336 inter

8 3463 9 3472 ἵ
91 3379 309 3461 intellegentes
332 3400 394 3455 ens,
418 3399 496 3461 ques
518 3377 741 3461 mythogrnphi
765 3378 811 3441 illi
834 3378 992 3454 exhibent,
1015 3377 1139 3442 fabulas
1162 3378 1328 3441 maximam
1352 3383 1474 3460 partem
1497 3375 1623 3442 fluxisse

91 3509 128 3551 ex
160 3485 393 3550 commentariis
419 3485 453 3550 in
481 3485 654 3568 Vergilium
681 3487 878 3568 conscriptis3
909 3492 1004 3570 atque
1030 3485 1117 3568 prior
1143 3484 1253 3548 fabula
1279 3484 1397 3550 eisdem
1424 3484 1490 3549 fere
1512 3483 1624 3561 verbis,

92 3599 185 3678 elque
214 3589 248 3655 in
270 3591 464 3668 Strozzian0,
492 3593 524 3657 in
548 3590 649 3656 Servii
671 3592 893 3658 commentario
916 3593 1033 3674 legitur
1060 3592 1101 3656 ad
1126 3590 1253 3656 Aeneid.
1278 3591 1338 3656 Vll
1360 3591 1426 3656 372
1453 3589 1483 3678 (I
1506 3613 1535 3674 p.
1557 3588 1623 3653 425

9 3759 10 3764 ,
92 3700 199 3784 Lion):
231 3698 348 3763 Danae
374 3698 496 3762 Acrisii
522 3701 605 3781 repis
626 3697 819 3780 Arpinorum
845 3700 932 3782 filio,
954 3703 1128 3779 postquem
1155 3703 1199 3763 est
1226 3719 1248 3760 o
1275 3697 1349 3762 love
1375 3698 1505 3774 uitiato,
1527 3701 1625 3778 poter

93 3829 161 3871 eom
183 3807 272 3870 intro
296 3826 405 3868 orcum
427 3805 584 3870 inclusam
601 3806 831 3885 proecipitaoit
854 3808 888 3870 in
910 3827 1006 3870 more.
1041 3826 1123 3886 quoe
1146 3805 1252 3869 delato
1276 3805 1320 3868 od
1338 3804 1473 3867 Italiam
1494 3804 1624 3868 invento

93 3919 136 3978 est
158 3933 180 3976 o
198 3913 358 3992 piscatore
385 3932 455 3975 oum
477 3910 603 3990 Perseo,
633 3933 724 3993 quem
749 3912 817 3977 illic
844 3914 939 3976 enisa
965 3913 1074 3993 fuerat
1099 3915 1129 3976 et
1157 3911 1264 3976 oblato
1286 3913 1354 3994 repe'
1375 3910 1539 3988 Pilumno,
1568 3911 1625 3991 qui

7 4057 11 4067 ·
92 4041 160 4084 eone
181 4020 243 4082 stoi
269 4018 342 4098 fooe't
370 4038 516 4096 uxorem
543 4039 611 4082 oum
640 4040 705 4099 qao
733 4020 827 4082 otiam
854 4019 996 4084 Ardeam
1024 4019 1175 4083 coadidit.
1207 4040 1228 4082 α
1253 4018 1366 4099 quibes
1392 4017 1535 4082 Turnum
1558 4015 1625 4080 oult

93 4128 243 4210 oriptoem
267 4127 377 4189 docere
400 4124 479 4211 (scil.
505 4123 687 4211 Veryilios).
721 4126 806 4192 vides
829 4125 908 4191 haec
930 4127 1025 4190 etiam
1048 4127 1176 4210 propius
1199 4126 1240 4190 ad
1264 4124 1446 4190 Strozniana
1467 4124 1625 4200 accedere,

7 4271 8 4284 κ
93 4255 184 4317 quam
208 4232 429 4316 mythographi
456 4233 584 4298 secundi
607 4232 715 4306 verbm
743 4241 848 4298 cetera
871 4255 946 4298 sune
969 4234 1002 4298 in
1025 4232 1125 4298 Servii
1148 4232 1393 4310 commentariis,
1420 4231 1474 4315 qui
1498 4230 1625 4315 quidem

93 4343 125 4404 in
147 4341 248 4406 lucem
272 4340 349 4404 editi
372 4344 457 4417 sunt,
485 4339 718 4418 desiderantum
742 4343 797 4406 sed
820 4363 890 4406 oum
913 4340 1135 4424 mythographi
1158 4340 1304 4404 Vaticani
1327 4338 1358 4403 ΙΙ
1382 4337 1444 4404 fab.
1470 4338 1532 4401 112
1556 4359 1626 4403 cum

94 4447 200 4512 Servio
223 4446 265 4511 ad
287 4446 417 4512 Aeneid.
439 4446 485 4511 VI
508 4447 587 4522 289,
614 4448 753 4514 eiusdem
775 4447 838 4512 leb.
863 4448 926 4514 198
953 4469 1023 4512 cum
1050 4446 1157 4512 Servio
1185 4447 1227 4512 ad
1248 4447 1377 4512 Aeneid.
1401 4444 1416 4509 I
1440 4445 1482 4510 28
1506 4451 1625 4511 eetero-

182 4713 216 4778 ⁵')
234 4713 324 4769 scribe
344 4712 514 4768 Crataeidos.
543 4714 639 4768 eadem
658 4713 767 4783 Scyllae
790 4721 879 4768 meter
902 4721 952 4770 est.
980 4714 1053 4769 idem
1077 4714 1203 4768 mendum
1227 4727 1325 4767 nomen
1348 4711 1422 4781 apud
1441 4711 1566 4767 Servium
1591 4712 1627 4766 ad
1662 4758 1667 4772 ,

94 4807 160 4859 Aen.
180 4803 292 4860 111420
310 4802 455 4858 contraxit.

179 4891 215 4958 ω)
234 4893 354 4948 debebat
379 4891 457 4946 llere
479 4892 514 4948 cl.
534 4892 691 4962 apollodor.
715 4894 756 4948 III
776 4894 817 4948 12.
837 4895 867 4958 2,
890 4893 915 4948 2.
940 4892 1013 4962 idom
1037 4907 1113 4947 error
1135 4891 1194 4946 lere
1213 4889 1341 4946 solemnis
1360 4889 1389 4944 iu
1412 4891 1509 4946 eedem
1532 4888 1628 4950 fabulo

95 4983 165 5052 apud
185 4987 290 5037 ceteros
308 4983 521 5053 mythogrephos
541 4982 615 5036 etin
635 4982 722 5038 Servii
742 4981 836 5038 codice
855 4981 1071 5058 Guelferbytono
1091 4984 1103 5037 1
1122 4981 1167 5052 (ed
1186 4983 1253 5042 Aen,
1273 4982 1285 5040 1
1304 4982 1349 5042 28)
1368 4981 1493 5040 recurrit,
