3920 5806
1558 413 1623 480 235

58 592 196 678 Hygino
225 593 268 660 in
293 593 474 678 Astrologia
501 593 567 659 fere
593 613 747 678 nusquam
775 593 932 660 consultos
959 615 1026 659 esse
1053 594 1115 660 iam
1143 616 1238 679 supra
1265 593 1401 660 indicavi
1423 594 1569 677 idemque
1591 597 1623 658 in

57 698 211 766 Fabulae
241 701 362 768 cadere
384 703 503 767 dudum
525 699 603 766 mihi
621 701 771 784 persuasi,
793 707 888 786 atque
911 702 1070 768 verissime
1088 703 1210 768 monuit
1230 703 1297 786 ipse
1316 701 1488 767 Bursiauns
1507 702 1625 788 Hygini

59 805 163 872 verba
185 809 322 892 optime
340 809 382 874 ad
400 807 540 874 fabulam
556 809 619 874 182
638 807 752 873 1111111
769 829 871 892 posse,
889 830 969 891 quae
988 829 1064 875 sane
1081 809 1177 875 hodie
1197 831 1260 876 neu
1273 810 1374 876 solum
1388 810 1625 894 corruptissima

59 915 252 1000 pravisque
276 916 500 982 additamentis
520 915 683 1000 inquinata
707 921 763 994 est,
787 917 842 980 scd
862 916 957 981 etiam
976 916 1056 982 falso
1073 917 1169 982 titulo
1191 915 1308 982 Oceani
1324 915 1414 998 filiae
1431 915 1624 984 inscribitur.

61 1045 147 1108 quac
171 1045 258 1089 eum
278 1025 324 1089 ita
343 1025 415 1102 sint,
434 1031 466 1090 st
484 1045 523 1090 ea
540 1043 620 1106 quae
637 1022 732 1088 hodie
751 1024 784 1088 in
802 1022 995 1088 Fabularum
1013 1023 1117 1090 fronte
1135 1025 1284 1108 leguntur
1302 1025 1432 1090 deorum
1451 1028 1626 1102 stemmata,

60 1137 92 1197 et
126 1129 292 1197 fabulam
322 1131 384 1197 182
412 1135 578 1214 ceteraque
610 1149 690 1213 quae
718 1131 751 1195 in
778 1131 908 1196 deorum
939 1129 1049 1198 liberis
1081 1132 1300 1197 enumerandis
1326 1136 1492 1198 versantur
1520 1131 1626 1215 capita

61 1259 101 1302 ex
127 1237 269 1322 Hygini
293 1236 492 1321 Genealogiis
518 1235 646 1302 fluxisse
673 1237 881 1304 certissimum
908 1258 975 1304 esso
1004 1238 1135 1304 ridetur.
1167 1259 1269 1324 neque
1291 1243 1397 1304 111110
1420 1237 1547 1304 fabulae
1569 1243 1627 1304 aut

62 1366 182 1410 omnes
208 1351 275 1412 aut
298 1345 466 1410 maximam
488 1351 611 1430 partem
636 1365 674 1410 ex
693 1344 892 1430 Genealogiis
914 1345 1043 1412 fluxisse
1065 1353 1206 1430 possunt,
1229 1368 1298 1412 cum
1316 1346 1434 1412 multae
1452 1351 1627 1423 occurrant.

63 1451 191 1535 quibus
223 1453 264 1516 in
291 1451 374 1518 libro
401 1443 486 1516 κατὰ
511 1451 677 1536 στέμματα
705 1452 857 1536 disposito
885 1452 971 1519 locus
998 1475 1061 1519 non
1088 1454 1137 1518 sit
1171 1454 1255 1538 quod
1283 1475 1353 1520 cum
1375 1460 1460 1520 recte
1483 1453 1627 1520 animad-

65 1560 230 1626 vertisset
252 1557 487 1646 Bursianus,²⁸)
510 1560 623 1625 statuit
645 1558 822 1625 fabularum
845 1559 960 1626 librum
984 1565 1128 1628 constare
1151 1581 1190 1627 cx
1209 1560 1471 1645 Genealogiarum
1490 1560 1626 1643 epitome

66 1675 99 1731 et
129 1665 267 1731 fabulis
295 1687 333 1732 ex
359 1666 455 1732 variis
482 1666 631 1751 operibus
663 1688 764 1749 neque
795 1672 902 1732 tamen
929 1666 1115 1752 Hyginianis
1143 1689 1163 1734 a
1190 1668 1396 1752 grammatico
1427 1667 1532 1734 nescio
1565 1687 1626 1753 que

68 1795 232 1858 magnam
263 1779 387 1858 partem
413 1775 478 1840 iam
503 1779 578 1840 ante
596 1773 742 1840 Dosithei
769 1780 906 1840 aetatem
928 1774 1054 1840 additis.
1083 1776 1441 1862 equidemmuamquam
1467 1774 1501 1840 iu
1523 1770 1627 1840 Fabu-

68 1883 180 1947 larum
213 1881 303 1946 libre
335 1881 437 1947 multa
467 1881 569 1948 inesse
596 1881 745 1958 concede,
777 1901 858 1964 quae
884 1881 925 1946 ab
954 1881 1079 1966 Hygino
1106 1881 1249 1965 profecta
1276 1903 1338 1947 eon
1367 1883 1444 1959 sint,
1475 1887 1628 1948 tamena

71 1989 245 2056 Bursiano
279 1989 428 2054 iudicium
459 2010 563 2054 meum
595 1989 738 2072 seiunge,
770 2009 841 2054 cum
872 1988 925 2054 illo
957 1989 1007 2054 vel
1037 1990 1188 2054 maiorem
1214 1987 1406 2054 Fabularum
1437 1991 1560 2072 partem
1587 1987 1628 2053 ab

72 2097 208 2181 Hygino
241 2093 411 2162 abiudicet.
452 2096 536 2178 qued
564 2117 618 2160 cur
645 2095 772 2172 faciam,
803 2117 876 2161 mox
904 2097 1103 2180 expositurus
1130 2117 1207 2162 sum.
1248 2097 1397 2161 nimirum
1424 2095 1568 2181 Hyginus
1596 2098 1630 2159 in

74 2197 273 2288 Astrologia'
302 2207 353 2268 ter
383 2203 542 2286 premittit
574 2223 606 2268 se
634 2203 673 2268 dc
701 2203 809 2286 aliqua
840 2201 951 2268 fabula
977 2204 1040 2269 alio
1072 2203 1141 2270 lece
1168 2203 1346 2269 accuratius
1373 2211 1519 2270 acturum
1547 2224 1628 2280 csse3

76 2313 221 2395 primum
253 2311 293 2376 de
318 2309 465 2393 Gorgone
487 2308 520 2373 Π
546 2309 586 2374 12
613 2333 643 2394 p.
667 2309 721 2388 46,
744 2310 788 2376 22
811 2311 849 2376 de
873 2331 939 2394 que
967 2309 1028 2396 (ita
1050 2309 1142 2378 PRV.
1166 2330 1229 2393 que
1252 2311 1281 2375 D
1305 2309 1374 2398 alii)
1403 2309 1470 2376 elie
1493 2315 1629 2390 ternpore

72 2419 178 2501 plura
209 2419 365 2496 rimemus,
394 2417 509 2482 demde
537 2416 577 2483 de
599 2407 709 2482 Phrixi
736 2397 845 2484 arietis
873 2417 955 2500 pelle
983 2439 1081 2484 aurea
1107 2418 1138 2482 ll
1162 2418 1205 2483 20
1227 2438 1258 2501 p.
1282 2415 1339 2495 59,
1358 2417 1401 2483 25
1428 2421 1487 2506 (=
1510 2418 1629 2483 (lateat.

78 2526 194 2610 fragm.
222 2548 255 2610 p.
282 2524 354 2604 125,
377 2525 412 2612 5)
437 2524 474 2588 dc
498 2545 564 2607 pue
587 2524 667 2590 alibi
683 2525 787 2606 plere
810 2523 957 2605 dicaeus,
980 2524 1116 2608 denique
1138 2525 1178 2590 de
1200 2525 1304 2590 Diana
1326 2523 1372 2590 XI
1395 2523 1439 2590 34
1461 2548 1491 2611 p.
1515 2524 1567 2602 73,
1586 2523 1627 2589 21

4 2715 6 2718 ¹
78 2635 133 2698 sed
158 2653 251 2715 quac
270 2635 344 2714 pest
366 2637 495 2697 mertem
518 2633 586 2696 cius
608 2631 688 2718 (scil.
715 2629 857 2718 Orionis)
880 2631 996 2697 Dieuc
1018 2631 1136 2713 fecerit,
1164 2635 1200 2696 in
1230 2633 1297 2697 eius
1318 2632 1460 2698 historiis
1483 2631 1628 2696 dicemus.

81 2741 160 2807 hacc
185 2739 297 2807 omnia
319 2739 493 2805 Bursiauus
519 2759 664 2805 amovere
690 2739 825 2815 studuit3
854 2745 885 2805 et
908 2741 992 2825 qued
1015 2739 1128 2805 ultima
1150 2740 1260 2818 verba,
1287 2761 1368 2824 quae
1390 2739 1423 2805 in
1447 2740 1532 2806 calce
1555 2760 1629 2804 nar-

80 2849 222 2914 rationis
249 2848 288 2913 de
310 2847 437 2913 Orionis
459 2850 562 2912 morte
585 2867 624 2911 ex
646 2845 729 2912 Istro
753 2847 930 2931 descriptae
954 2843 1116 2931 leguntur,
1143 2869 1182 2912 ex
1206 2847 1316 2912 eodem
1338 2847 1419 2912 Istro
1443 2852 1476 2912 et
1498 2847 1567 2930 ipsa
1589 2842 1631 2910 ab

82 2955 214 3040 Hygino
240 2955 471 3021 inconsiderate
498 2954 653 3019 translata
676 2975 746 3038 esse?
767 2960 886 3029 censet,
913 2953 993 3018 nihil
1015 2954 1127 3032 habeo,
1150 2955 1236 3039 qued
1259 2961 1369 3020 contra
1392 2955 1508 3031 dicam,
1535 2954 1630 3018 immo

83 3064 206 3147 optime
236 3061 296 3128 hec
322 3059 392 3127 fieri
418 3062 558 3145 potuisse
585 3061 793 3127 libentissime
818 3060 1019 3148 cencede.²⁹)
1051 3061 1122 3145 plus
1150 3059 1347 3127 difficultatis
1379 3060 1499 3126 habent
1526 3059 1631 3138 verba,

83 3192 166 3254 quae
196 3169 301 3256 primo
324 3169 393 3235 loeo
416 3170 520 3252 posui;
549 3189 587 3234 ex
614 3167 791 3234 Euhemero
819 3168 978 3252 descripta
1006 3189 1085 3246 esse,
1112 3170 1168 3252 qui
1194 3169 1301 3253 paullo
1328 3174 1424 3234 antea
1445 3186 1631 3232 commemo·

85 3284 191 3354 ratur,
225 3277 279 3340 vix
311 3277 477 3360 quisquam
509 3275 571 3340 sibi
601 3276 804 3360 persuadeat,
836 3298 906 3342 cum
934 3297 1057 3340 summa
1082 3280 1207 3341 tuntum
1235 3275 1440 3352 narrationis,
1471 3294 1535 3338 non
1561 3274 1632 3356 ipsa

85 3383 225 3450 historia
248 3404 287 3448 ex
308 3383 486 3448 Euhemero
509 3383 656 3467 adposita
678 3384 733 3448 sit:
756 3383 953 3449 Euhemerus
975 3383 1102 3466 quidem
1127 3380 1312 3466 Geryonem
1334 3403 1355 3446 e
1378 3382 1530 3448 Minerua
1554 3381 1631 3446 dicit

86 3490 298 3572 interfectum.
332 3491 518 3568 Bursianus‚
551 3511 643 3574 quem
670 3488 750 3556 haec
776 3477 950 3556 difficultas
974 3511 1036 3555 non
1065 3489 1159 3573 fugit,
1186 3489 1266 3555 illud
1294 3509 1360 3570 que
1387 3489 1429 3554 ad
1456 3488 1630 3554 Minervam

88 3599 188 3664 refert
218 3604 314 3682 atque
337 3596 497 3681 Hyginum
525 3618 606 3675 eam,
635 3618 728 3682 quam
755 3597 789 3662 iu
816 3598 960 3684 sequenti
983 3600 1087 3682 ca'pite
1109 3597 1141 3661 Il
1167 3595 1206 3662 13
1231 3618 1259 3680 p.
1282 3593 1335 3673 47,
1353 3597 1407 3661 61.
1431 3595 1490 3682 (=
1513 3595 1630 3662 Gatast.

89 3705 201 3789 fragm.
226 3727 255 3790 p.
279 3703 473 3790 9911101)
497 3726 535 3770 ex
558 3706 789 3771 Oatasterismis
813 3707 1013 3790 adpositums
1032 3711 1110 3784 erat,
1134 3704 1173 3770 de
1196 3703 1338 3768 Minerva
1360 3702 1630 3788 Erichthonioque

91 3814 307 3880 narrationem
330 3807 523 3894 significasse
545 3817 645 3896 putat.
677 3818 711 3877 at
734 3813 805 3895 quis
828 3835 891 3878 non
913 3812 1010 3889 videt,
1032 3833 1126 3896 quam
1149 3809 1319 3876 artificiose
1340 3810 1401 3876 hec
1419 3811 1631 3894 excogitatum

4 3973 5 3983 .
92 3919 151 3984 sit?
179 3940 284 3985 nenne
311 3938 441 4004 prorsus
467 3918 599 3986 ridicule
627 3919 771 4004 Hyginus
799 3942 831 3987 se
859 3919 926 3986 elie
948 3923 1085 4001 tempere
1111 3918 1268 3986 facturum
1296 3939 1364 3985 esse
1387 3919 1519 3996 diecret,
1546 3917 1630 4001 quod

3 4171 5 4200 Ι
181 4115 216 4180 ¹⁸)
233 4115 331 4184 Neque
353 4120 447 4171 tamen
469 4120 545 4169 recte
569 4115 719 4170 Bursianus
741 4113 770 4170 id
793 4115 875 4170 nimis
898 4115 1012 4185 premit,
1036 4115 1108 4184 quod
1131 4115 1255 4171 Fabulae
1277 4131 1369 4183 neque
1393 4113 1466 4169 iuter
1488 4129 1517 4168 rc
1540 4128 1631 4182 neque

3 4205 4 4272 ζ
95 4219 153 4258 cum
172 4203 331 4273 astrologia
354 4220 464 4274 semper
485 4211 614 4260 accurate
638 4210 803 4274 congruunt3
827 4204 871 4260 cui
895 4203 937 4260 ref
954 4205 983 4258 in
1007 4203 1077 4259 libre
1101 4209 1130 4258 ct
1148 4219 1182 4262 ex
1201 4201 1284 4259 variis
1307 4203 1464 4258 aucteribus
1484 4201 1631 4272 compilato

95 4297 122 4345 ct
144 4291 173 4347 in
196 4291 300 4347 fabulis
323 4293 502 4364 congerendis
526 4300 653 4348 versante
676 4293 747 4348 nihil
771 4293 879 4350 omnino
902 4293 1078 4350 tribuendum
1102 4298 1152 4348 est.
1186 4292 1213 4347 in
1237 4293 1383 4365 propatulo
1402 4298 1445 4348 est
1463 4291 1631 4361 comparatio

97 4379 281 4436 bibliothecae
299 4381 469 4451 Apollodori.

183 4469 217 4539 ⁹⁸)
235 4469 329 4525 Simile
354 4472 419 4540 quid
442 4469 546 4527 accidit
568 4471 648 4527 1130
671 4490 697 4542 p.
718 4473 760 4540 71,
779 4473 827 4528 21.
851 4499 884 4517 =
910 4461 1013 4528 hatest.
1037 4472 1132 4541 fragm.
1152 4488 1178 4541 p.
1200 4473 1303 4538 12111,
1327 4470 1375 4525 ubi
1393 4469 1510 4540 legimus
1530 4471 1630 4524 Erote-

97 4557 199 4614 ehem
217 4563 310 4614 aetem
328 4575 363 4615 aa
381 4577 411 4615 ce
425 4562 503 4630 pisca
519 4565 603 4616 uetes
620 4561 669 4616 bes
687 4561 763 4633 dicit,
783 4562 816 4617 dc
830 4579 885 4632 gae
900 4561 1039 4630 posterius
1054 4561 1189 4626 dicessum
1207 4577 1270 4616 uam
1286 4565 1410 4615 11111111
1425 4575 1532 4630 queque
1546 4560 1632 4615 rerba

3 4719 4 4724 ἵ
99 4662 131 4701 ex
148 4649 350 4705 Gatasterismis
374 4649 483 4705 reddita
502 4657 566 4704 sunt
587 4651 684 4721 fragm.
703 4669 730 4721 p.
751 4653 811 4718 128,
830 4653 848 4706 3
871 4653 937 4723 περὶ
960 4641 994 4706 οὗ
1017 4646 1068 4719 τὴν
1086 4646 1215 4722 lerepfev
1233 4643 1423 4717 ἀποδώσομεν
1441 4647 1630 4720 σαφέστερον,

3 4755 4 4770 .
99 4723 164 4792 ὅταν
183 4734 226 4793 ἐπ’
246 4734 323 4812 αὐτῷ
343 4737 482 4806 ἔλθωμεν.
502 4738 537 4794 cf.
556 4739 640 4795 schel.
660 4742 738 4795 Aret.
758 4758 781 4796 v.
797 4741 849 4796 239
869 4730 988 4812 11101011
1009 4736 1040 4795 ἐν
1058 4747 1117 4803 τοῖς
1136 4736 1200 4809 ἑξῆς
1219 4735 1286 4811 ἐρεῖ,
1315 4745 1438 4795 alumen
1457 4745 1523 4808 apte
1542 4745 1631 4793 traus-

100 4822 249 4895 1111111111,
277 4844 338 4884 cum
362 4827 485 4899 Hyginus
509 4835 537 4884 ct
563 4829 624 4899 ipse
650 4835 747 4900 postea
770 4831 798 4884 II
822 4832 854 4886 41
879 4831 914 4885 de
938 4829 1041 4885 maiore
1064 4828 1141 4897 pisce
1164 4829 1249 4884 verba
1273 4828 1366 4884 faciat.
1409 4827 1516 4883 Dianae
1539 4835 1631 4882 autom

100 4913 226 4973 historiae
244 4917 273 4973 in
287 4917 445 4986 astrologia
462 4925 525 4988 post
539 4918 647 4975 Orionis
666 4919 788 4975 fabulam
803 4921 897 4976 nullae
916 4919 1057 4988 legantem
1076 4918 1179 4990 itaque,
1198 4917 1223 4973 si
1237 4933 1330 4975 rerum
1345 4917 1459 4976 11111111
1473 4917 1630 4986 herstanus,

3 5011 4 5016 ’
101 5001 218 5074 Hyginus
236 5007 284 5064 illc
303 5007 363 5064 leco
382 5023 486 5063 summa
506 5007 612 5064 incuria
631 5008 719 5079 egisse
739 5010 877 5079 putandus
896 5015 977 5067 11101.
