3920 5806
241 425 341 480 Scuou.
361 425 453 480 Genu.
474 426 505 479 G.
525 444 551 496 p.
572 428 630 492 177,
652 429 692 482 16.
1135 433 1266 486 Hruruus
1283 433 1319 498 II,
1338 435 1380 490 39.
1567 437 1629 502 183

185 605 272 684 Quod
307 605 378 670 ideo
410 605 493 670 inter
525 611 612 672 astra
639 607 835 674 conlocatum
932 611 970 675 in
984 613 1044 678 hac
1056 615 1193 696 primum
1207 611 1252 678 dii
1262 612 1483 679 existimantur
1491 636 1586 680 saera
1640 613 1778 670 XXXIX

21 767 22 812 3
138 711 265 778 fabulae
288 713 402 790 ferunt,
425 733 462 778 eo
486 715 568 798 quod
593 715 624 778 in
648 735 685 780 eo
704 715 748 779 dii
767 737 835 780 mu·
888 721 1189 786 eieoniurationem
1216 719 1340 798 fecisse,
1363 743 1433 786 eum
1456 722 1586 788 Titanas
1675 705 1745 759 ΑΝ·

21 827 23 882 ἰ
137 825 192 882 tuo
215 820 300 884 inter
323 841 357 884 se
379 819 545 914 iurassent,
567 823 694 906 quando
715 823 836 908 Iupiter
888 847 1068 911 oppugnare
1115 835 1318 904 conarentur;
1366 851 1434 894 eam
1481 834 1587 895 autem

136 946 233 1008 super
255 925 426 992 Saturnum
449 949 520 993 eum
543 928 730 1013 Cyelopibus
753 931 840 995 mili«
889 933 1039 1018 Cyclopas
1062 935 1181 1000 fecisse.

109 1033 218 1097 fitavit
242 1040 274 1099 et
297 1035 381 1099 idem
404 1034 525 1118 Iupiter
547 1034 674 1118 igneum
697 1036 757 1102 sibi
781 1057 834 1102 ve-

136 1139 251 1218 lamen,
274 1163 314 1208 ne
336 1143 402 1208 eius
425 1141 590 1207 fulminum
613 1145 758 1226 potentie
780 1144 835 1210 de·

136 1247 394 1331 prehenderetur,
417 1248 573 1315 adhibuit.
638 1243 652 1267 ⁸

930 1684 970 1747 ab
985 1703 1023 1748 ea
1037 1683 1262 1748 consuetudine
1280 1683 1423 1749 homines
1437 1683 1585 1748 dicuntur

886 1789 1060 1854 instituisse
1087 1789 1162 1865 sibi,
1191 1795 1228 1854 ut
1255 1811 1326 1854 eum
1353 1790 1491 1874 aliquam
1517 1812 1584 1856 rem

886 1894 1010 1960 efficere
1034 1897 1223 1980 cogitarent,
1250 1897 1339 1980 prius
1362 1893 1584 1974 sacrificarent,

887 2023 980 2088 quam
1003 2025 1097 2088 agere
1119 2004 1318 2089 incepissent.

1202 3181 1254 3250 ur,
1270 3180 1312 3236 se.

178 3287 286 3354 Habet
317 3291 423 3353 autem
454 3287 561 3352 stellas
593 3287 627 3351 in
658 3283 832 3370 superficie,
928 3288 1015 3356 Haec
1032 3288 1130 3354 habet
1148 3287 1181 3352 in
1195 3308 1316 3354 summo
1330 3289 1490 3352 cacumine
1503 3287 1583 3351 turi·

137 3397 168 3460 iu
195 3417 259 3480 qua
285 3415 406 3480 prunae
432 3393 529 3461 fuisse
557 3393 717 3470 dicuntur,
744 3393 831 3470 duas,
884 3396 964 3471 buli,
991 3397 1076 3480 quod
1100 3394 1267 3472 formatur,
1294 3394 1403 3460 stellas
1425 3394 1471 3472 11,
1495 3393 1583 3460 etin

137 3503 169 3566 in
190 3502 266 3568 base
290 3502 378 3579 duas,
401 3507 474 3567 sunt
496 3501 589 3567 simul
613 3505 771 3585 quattuor.
884 3504 947 3570 imo
969 3503 1087 3570 alteras
1110 3501 1150 3578 11,
1173 3503 1300 3567 omnino
1323 3501 1396 3566 1111.

129 3697 296 3754 simassent
312 3701 343 3768 βι
363 3697 467 3752 iurasse
485 3695 518 3752 G.
554 3702 615 3752 set
633 3695 706 3750 idem
725 3694 832 3766 iupiter
920 3715 946 3755 ae
964 3696 1080 3752 turibuli
1095 3697 1234 3751 Bantius.-
1253 3695 1351 3751 circuli
1369 3695 1440 3750 lam
1478 3712 1503 3751 rs
1522 3696 1625 3750 alteras

100 3785 202 3858 igneum
221 3786 275 3843 sibi
294 3788 433 3842 velamen:
453 3787 516 3858 ἱερεῖ
535 3779 608 3856 ἔχων
622 3801 676 3854 pro
695 3777 768 3856 ἕχον.
884 3786 951 3858 DV,
970 3786 1067 3842 altaris
1087 3787 1144 3842 alii.
1181 3785 1290 3841 omnino
1309 3784 1374 3856 DV,
1394 3801 1487 3839 omnes
1506 3783 1540 3838 R.
