3906 5800
183 458 280 512 Senos.
301 455 393 510 Gesrr.
414 441 451 510 G?
466 472 492 524 p.
514 456 570 516 130.
590 456 633 508 20.
1072 455 1202 508 Hrsrrus
1220 451 1268 518 ΙΙΙ,
1287 453 1330 508 22.
1526 451 1569 518 95

19 581 21 740 i
133 635 227 700 Habet
236 635 346 700 stelias
360 635 391 700 iu
402 635 673 719 testasplendidas
687 635 775 710 duas,
874 635 934 704 Hie
965 633 1062 700 habet
1088 635 1122 698 in
1149 636 1219 717 ipsa
1245 638 1327 700 testa
1354 633 1462 698 stellas
1484 632 1526 708 ΙΙ,

19 761 20 810 1
97 745 121 807 in
142 741 257 807 duobus
279 742 398 807 dextris
422 741 554 824 pedibus
576 743 608 806 in
635 763 774 826 unoquo·
829 764 909 828 quae
938 741 1026 808 Asini
1054 747 1217 818 vocantur,
1245 738 1425 824 dequibus
1452 746 1526 808 ante

19 863 20 866 ’
96 873 144 932 que
166 870 270 926 unam,
293 849 326 912 irr
345 849 475 915 sinistro
493 851 598 933 priore
617 848 708 926 dues,
726 847 775 886 *¹*
829 851 891 916 iarn
919 849 1067 924 diximus;
1093 849 1127 914 in
1154 847 1273 913 dextris
1300 847 1434 932 pedibus
1461 847 1525 912 sin·

96 960 119 1020 in
137 958 225 1022 tertio
243 979 352 1034 unam,
370 957 403 1022 in
423 965 536 1040 quarto
554 978 662 1032 unam,
680 954 724 994 *²*
744 957 774 1020 in
830 957 918 1042 gulas
933 957 1090 1033 obscuras,
1105 957 1137 1020 in
1147 955 1274 1022 sinistro
1283 955 1363 1040 pede
1373 955 1475 1038 primo
1485 954 1526 1030 II,

79 1066 191 1130 tdextre
208 1063 292 1130 labio
312 1070 384 1141 tres,
403 1065 435 1128 in
454 1063 582 1129 sinistro
601 1064 687 1129 duas.
829 1071 862 1130 et
885 1065 917 1130 in
941 1063 1078 1130 seeundo
1097 1063 1129 1128 II
1152 1063 1313 1140 obscuram,
1336 1062 1368 1127 in
1387 1062 1482 1126 tertio
1501 1061 1553 1138 1‚r›

829 1173 861 1236 in
881 1177 994 1254 quarto
1018 1171 1119 1255 primo
1138 1170 1153 1234 I
1173 1170 1351 1246 obscuram,
1375 1171 1407 1234 in
1425 1191 1480 1234 ore
1498 1169 1526 1244 Ι;

828 1279 861 1343 in
880 1300 926 1356 ea,
945 1299 1026 1362 quse
1045 1277 1135 1344 chela
1148 1277 1306 1344 dexterior
1320 1277 1444 1354 dieitur,
1462 1283 1527 1342 tres

829 1385 946 1452 similes
965 1407 1028 1450 non
1046 1383 1191 1468 grandes,
1210 1385 1243 1449 in
1261 1384 1390 1450 sinistra
1407 1385 1526 1450 similes

829 1492 871 1571 II,
890 1492 1017 1560 omnino
1036 1497 1083 1558 est
1102 1491 1263 1558 stellarum
1281 1489 1397 1558 xvffl.

87 3082 295 3137 sarlacdnas
313 3085 430 3152 seruari.
494 3083 612 3140 statio:
631 3090 700 3156 χηλῇ
720 3104 776 3140 rer-
865 3085 951 3142 eiam
971 3086 1036 3139 add.
1057 3085 1093 3140 D.
1114 3103 1164 3140 om.
1189 3085 1215 3138 V
1230 3085 1340 3153 aliique.
1426 3091 1486 3140 set
1505 3085 1570 3138 add.

68 3169 91 3230 tt,
108 3175 239 3238 tamquam
255 3173 343 3241 χείλει
363 3179 443 3240 esset;
462 3173 581 3240 adparet
599 3175 642 3228 hie
661 3193 777 3244 quoque,
831 3174 864 3228 R.
885 3191 935 3228 om.
960 3176 1018 3229 VI).
1091 3193 1103 3230 rr
1123 3175 1214 3230 XVIII
1233 3175 1344 3242 scripsi:
1363 3173 1442 3228 XVII
1460 3171 1530 3226 latri.

67 3261 85 3306 rt
105 3259 206 3326 roqrirrs
232 3261 359 3315 dativum
377 3279 432 3330 pro
453 3264 577 3331 yenetivo
600 3264 631 3316 in
653 3263 779 3333 maqistri

24 3365 25 3368 ¹
65 3347 189 3413 ererrptari
204 3351 337 3418 scriptum
354 3350 447 3415 furere.
468 3351 501 3418 es.
521 3369 610 3420 supra
625 3371 654 3420 p.
675 3357 717 3406 73.
