3920 5806
354 396 418 463 220

353 576 429 658 quin
456 576 534 640 satis
561 581 707 640 accurate
735 581 921 658 congruant,
949 576 1093 660 equidem
1120 574 1222 640 nullus
1250 575 1374 653 dubito,
1401 575 1476 658 quin
1503 578 1667 659 utriusque
1695 575 1816 660 capitis
1846 595 1901 640 eae

353 703 476 768 quoque
498 682 685 766 particulae,
713 703 793 768 quae
816 703 885 747 cum
909 683 1035 748 scholiis
1058 681 1247 748 Stroazianis
1270 685 1483 760 consentiunt,
1509 683 1655 767 primitus
1679 683 1710 747 in
1733 703 1902 749 commen-

351 789 442 855 tariis
465 789 656 874 Vergilianis
683 790 857 854 extiterint.
890 795 995 855 statuo
1018 789 1117 874 igitur
1140 773 1393 855 Strozzienorum
1415 797 1575 856 auctorem
1600 790 1634 856 in
1657 790 1789 856 scholiis
1817 788 1901 854 Ger·

351 897 466 962 manici
488 895 716 981 amplificandis
739 902 866 980 practer
884 896 1042 980 Hyginum
1061 902 1094 962 et
1111 896 1313 980 Fulgentium
1331 898 1427 962 etiam
1446 897 1577 981 Vergilii
1596 897 1732 982 aliquem
1751 897 1902 963 codicem

352 1003 481 1069 scholiis
505 1003 692 1068 instructum
716 1002 906 1080 adhibuisse,
929 1003 984 1086 qui
1002 1002 1137 1069 sortasse
1160 1003 1255 1068 hodie
1274 1024 1396 1087 qnoque
1415 1005 1447 1067 iu
1466 1003 1574 1087 alique
1591 1004 1790 1071 bibliotheca
1808 1003 1902 1068 latet

357 1137 360 1144 ·
440 1111 560 1187 Restat,
583 1115 619 1174 ut
642 1111 681 1174 de
705 1111 750 1174 eis
773 1109 884 1186 dicam,
908 1131 987 1194 quae
1013 1110 1231 1175 Andromedae
1254 1110 1406 1176 historiae
1429 1111 1539 1176 addita
1562 1117 1635 1176 sunt
1657 1135 1686 1194 p.
1708 1111 1786 1188 139,
1809 1111 1903 1175 aaa:

352 1215 557 1280 andreaea
580 1217 653 1298 filia
674 1216 739 1297 fuit
766 1215 877 1296 Cephei
899 1222 928 1280 ei
951 1213 1142 1296 Cassiepiae,
1166 1237 1248 1297 quoe
1266 1217 1422 1282 adamato
1445 1221 1490 1280 cst
1513 1241 1534 1283 a
1556 1216 1712 1298 Cupidine
1730 1222 1761 1282 ei
1782 1218 1901 1281 datura

351 1327 396 1387 cst
426 1343 625 1402 responsum,
662 1327 698 1386 oi
729 1323 911 1387 traderetur
942 1324 1023 1387 celui
1055 1324 1100 1388 ad
1125 1323 1354 1388 'macedum
1396 1344 1478 1404 quoe
1509 1345 1663 1406 aispeuso
1694 1325 1782 1388 ieter
1818 1324 1901 1387 diros

349 1433 468 1494 mentes
494 1433 523 1494 et
550 1429 693 1509 expositu
719 1431 800 1493 cetui
828 1451 897 1494 eum
920 1431 1064 1495 omnibus
1086 1430 1288 1495 omoineatis.
1321 1451 1422 1514 neque
1450 1432 1483 1495 in
1506 1431 1633 1498 scholiis
1655 1429 1901 1497 Basileensibus

350 1555 451 1618 neque
479 1537 512 1602 in
539 1534 860 1619 Sangermanensibus
887 1537 967 1602 haec
993 1543 1115 1613 extant3
1142 1558 1201 1602 nec
1228 1559 1278 1602 me
1305 1537 1431 1604 hercule
1460 1538 1499 1602 de
1522 1537 1725 1604 Andromeda
1747 1537 1835 1604 talia
1858 1536 1899 1601 ab

350 1643 480 1727 antiquo
508 1643 660 1726 scriptore
688 1650 818 1709 nemeto
845 1664 912 1709 esse
935 1644 1131 1710 crediderim.
1163 1650 1272 1728 aperte
1295 1651 1400 1710 autem
1423 1643 1497 1709 ficta
1520 1652 1593 1709 sunt
1616 1645 1657 1710 ad
1680 1645 1825 1730 Psyches
1848 1643 1898 1708 hi-

350 1750 467 1814 storiae
488 1751 678 1834 exemplum.
711 1751 859 1816 nimirum
887 1751 1075 1817 scholiorum
1100 1750 1350 1816 Strozzianorum
1374 1759 1496 1830 auctor,
1524 1773 1617 1837 quem
1641 1751 1754 1835 Apulei
1778 1772 1896 1816 narra·

351 1857 470 1922 tionem
493 1877 531 1922 cx
554 1856 721 1941 Fulgentio
744 1857 792 1922 III
816 1858 836 1922 6
860 1859 1018 1942 cognitam
1040 1857 1187 1934 habuisse
1210 1859 1361 1942 suspicor,
1384 1879 1421 1924 ea
1444 1880 1538 1942 quam
1561 1858 1645 1924 inter
1668 1858 1896 1924 Andromedae

349 1963 546 2048 Psychesque
573 1962 641 2028 fata
667 1964 862 2030 intercedere
889 1964 1019 2030 ridebat
1040 1963 1299 2052 similitudine⁵⁴)
1323 1970 1484 2050 permotus
1506 1966 1674 2050 genuinam
1698 1963 1894 2031 Catasteris-

349 2091 470 2136 morum
493 2073 707 2136 narrationem
731 2071 777 2135 ita
800 2092 856 2136 suo
880 2071 983 2136 Marte
1006 2071 1176 2136 exornavit

436 2178 484 2242 De
516 2177 657 2244 fontibus
688 2178 880 2243 scholiorum
907 2177 1160 2244 Stroazienorum
1186 2179 1306 2244 dictum
1338 2185 1398 2255 est;
1430 2179 1470 2244 de
1497 2183 1616 2256 aetate,
1648 2200 1710 2264 qua
1736 2179 1820 2244 hacc
1849 2180 1893 2242 ita

349 2282 485 2351 conflata
507 2287 580 2362 sint,
603 2285 682 2350 certi
704 2283 785 2350 nihil
806 2306 856 2350 me
879 2283 1005 2350 adferre
1027 2305 1118 2368 posse
1141 2306 1236 2368 quam
1259 2285 1393 2350 maxime
1416 2285 1514 2351 doleo.
1547 2286 1615 2369 ipse
1634 2287 1761 2370 quidem
1780 2286 1889 2352 Stron-

348 2392 456 2456 cianus
483 2391 671 2474 archetypus
699 2411 767 2456 esse
791 2391 917 2474 nequit,
944 2411 1016 2456 cum
1042 2392 1106 2456 iarn
1133 2392 1217 2456 vltiis
1244 2391 1401 2456 nonnullis
1428 2391 1566 2468 laboret,
1597 2391 1711 2476 quibus
1739 2393 1889 2468 Vrbinas,

348 2520 537 2585 quamquam
555 2498 740 2582 plerumque
757 2499 990 2582 protervissime
1008 2499 1227 2582 interpolatus,
1245 2503 1340 2563 caret.
1373 2517 1474 2582 neque
1492 2503 1598 2564 tamen
1616 2506 1690 2564 ante
1708 2520 1789 2564 seeo.
1812 2497 1888 2564 VIII

347 2606 514 2671 verborum
538 2611 729 2670 stmcturam
752 2606 807 2682 ita,
829 2605 921 2669 utin
944 2603 1132 2670 Strozzienis
1156 2605 1273 2669 lactum
1296 2605 1524 2682 escendimus,
1548 2607 1671 2689 neglegi
1690 2607 1888 2693 crediderim.

346 2713 454 2795 itaque
481 2711 600 2776 scholia
623 2710 805 2776 Strozziana
832 2711 916 2776 inter
942 2733 1020 2777 saec.
1045 2710 1122 2774 VIII
1145 2717 1177 2776 et
1199 2709 1274 2775 XIV
1297 2710 1384 2776 etin
1407 2711 1502 2776 ltalia
1524 2713 1652 2796 quidem
1675 2733 1714 2778 ex
1736 2713 1781 2778 eis
1806 2731 1887 2796 quae
1940 2740 1941 2758 r

347 2839 443 2903 supra
464 2818 600 2882 indicavi
623 2817 748 2901 scriptis
772 2816 907 2883 mndata
929 2838 996 2884 csse
1019 2823 1137 2896 statu03
1164 2817 1225 2882 hoc
1246 2816 1344 2901 igitur
1365 2819 1517 2902 temporis
1540 2820 1642 2902 spatio
1665 2825 1793 2903 praeter
1816 2819 1886 2882 Fri-

347 2926 524 3008 singensem
546 2923 627 2988 alius
650 2945 773 3008 quoque
796 2923 975 2990 fabularum
997 2925 1248 3009 Hyginianarum
1270 2925 1368 2990 codex
1392 2925 1534 3002 extabat,
1562 2926 1629 3010 qui,
1652 2927 1711 2992 etsi
1734 2926 1884 2992 nonnulla
1940 2969 1941 2972 κ

347 3031 425 3096 vitia
451 3053 521 3096 cum
543 3030 737 3114 Frisingensi
764 3033 941 3098 communia
962 3031 1109 3108 heberet,
1135 3037 1241 3096 tamen
1269 3036 1300 3098 et
1323 3031 1476 3114 integrior
1498 3038 1567 3097 erat
1590 3053 1691 3116 neque
1713 3033 1883 3118 interpola-

348 3139 428 3202 toris
450 3158 578 3204 manum
600 3159 774 3222 perpessus.
806 3161 870 3221 qua
892 3160 931 3202 cx
953 3140 1132 3222 cognitione
1156 3143 1306 3222 quantum
1331 3138 1532 3204 emolumenti
1555 3139 1597 3204 ad
1619 3139 1743 3205 fabulas
1766 3138 1881 3224 Hygini

346 3247 554 3312 recensendas
581 3244 736 3312 redundet
760 3251 792 3310 et
813 3267 871 3329 per
897 3267 930 3310 se
952 3251 1042 3328 patet
1065 3251 1098 3310 et
1126 3243 1259 3312 fortasse
1286 3245 1349 3310 alio
1377 3246 1446 3312 loco
1468 3245 1593 3329 alioque
1620 3253 1762 3330 tempore
1789 3247 1881 3312 latius

348 3373 510 3436 exponam.

434 3617 467 3684 ⁵⁴)
485 3618 531 3674 vir
550 3625 601 3687 est,
622 3620 693 3689 quod
712 3635 837 3674 moneam
857 3617 983 3688 Apuleio,
1004 3635 1064 3673 cum
1084 3619 1203 3689 Psyches
1223 3617 1421 3688 expositionem
1440 3617 1623 3684 describeret,
1642 3635 1672 3673 ro
1693 3635 1758 3673 vera
1777 3619 1877 3674 Andro·

345 3708 443 3764 mcdse
461 3707 584 3764 fabulam
603 3709 776 3764 obversatam
795 3723 864 3763 ease.
