3906 5800
219 413 320 466 Sciron.
340 413 431 466 Gran.
452 411 483 465 G.
509 430 534 481 p.
557 413 614 474 149,
635 412 675 464 ll.

159 1777 240 1838 quas
261 1756 373 1822 Graeci
392 1777 412 1822 a
430 1758 613 1840 pluralitate
636 1758 818 1823 Pliadas...

111 1911 118 1924 .
140 1911 147 1926 .
168 1913 174 1926 .
195 1868 317 1928 vocarit.

1121 412 1252 465 llrnruns
1271 412 1306 466 11.
1325 411 1368 464 21.
1557 412 1614 474 lll

915 589 1044 673 Hyades
1074 595 1182 654 autem
1213 589 1394 674 adpellatae
1420 593 1507 664 sunt,
1538 593 1575 651 ut

872 696 918 761 ait
958 696 1117 772 Musaeus,
1162 697 1247 778 quod
1293 717 1332 761 er
1372 694 1501 759 Allante
1542 698 1575 758 et

873 803 993 869 Aethra
1032 802 1150 867 Oceani
1190 802 1257 868 lilia
1296 804 1360 868 sint
1400 801 1484 867 filiae
1515 797 1573 866 XV

872 915 1069 994 procreatae,
1097 927 1231 990 quarum
1255 907 1282 972 V
1306 908 1435 992 Hyadas
1462 907 1572 989 adpel-

872 1016 954 1080 latas
986 1015 1196 1092 demonstrat,
1229 1015 1313 1098 quod
1345 1036 1454 1080 earum
1486 1013 1572 1096 Hyas
1600 1007 1646 1074 5⁶

872 1121 969 1186 luerit
992 1119 1091 1186 frater
1114 1142 1134 1186 a
1155 1120 1316 1186 sororibus
1335 1121 1506 1206 plurimum
1525 1120 1573 1184 di-

871 1226 979 1292 lectus.
1026 1227 1080 1311 qui
1103 1249 1173 1292 cum
1196 1249 1312 1294 venans
1334 1248 1354 1292 a
1376 1228 1468 1292 leone
1491 1232 1573 1291 esset

871 1333 1071 1412 interfectus,
1098 1335 1250 1417 quinque,
1278 1334 1318 1398 de
1341 1334 1454 1418 quibus
1477 1354 1574 1416 supra

872 1441 1018 1518 diximus,
1040 1439 1321 1506 lamentationibus
1339 1439 1480 1505 adsiduis
1497 1459 1571 1523 per-

872 1554 975 1613 motae
1007 1548 1156 1612 dicuntur
1180 1545 1332 1612 interisse.
1390 1553 1617 1628 quareeas,10

872 1654 956 1737 quod
997 1653 1167 1736 plurimum
1209 1653 1248 1718 de
1289 1653 1356 1718 eius
1392 1658 1494 1717 morte
1526 1651 1572 1716 la-

870 1759 1029 1836 borarent,
1052 1759 1181 1842 Hyadas
1204 1759 1389 1843 adpellatas.
1434 1759 1573 1841 reliquas

870 1872 978 1930 autem
1014 1867 1121 1934 decem
1154 1886 1277 1930 sorores
1309 1863 1500 1930 deliberasse
1533 1863 1572 1928 de

840 2061 844 2068 Ι
871 1993 1013 2038 sororum
1028 1978 1128 2036 morte
1144 1977 1177 2036 et
1190 1992 1298 2036 aarum
1308 1978 1429 2054 septem
1437 1975 1573 2034 mortem

871 2078 933 2142 sibi
952 2078 1119 2152 conscissa
1141 2099 1239 2160 quare
1258 2077 1343 2162 quod
1362 2078 1469 2161 plures
1487 2077 1572 2142 idem
1584 2085 1618 2138 15

871 2184 1036 2260 senserint,
1059 2184 1186 2252 Pliadas
1209 2184 1318 2248 dictas.

905 4223 1039 4278 aAethra
1055 4221 1088 4276 R.
1116 4221 1227 4291 Aethya
1241 4223 1282 4278 M.
1311 4223 1394 4276 Aetla
1408 4221 1445 4275 D.
1470 4222 1565 4277 Plione
1579 4223 1614 4277 Β.

870 4309 983 4365 Electra
1002 4311 1034 4364 P.
1064 4311 1150 4365 lectra
1169 4311 1198 4364 V.
1246 4311 1296 4364 XV
1316 4327 1336 4362 c.
1357 4327 1380 4378 q.
1400 4327 1420 4364 a.
1436 4311 1470 4376 cs.
1485 4311 1615 4380 Proleyo-

870 4416 952 4452 meaa
959 4416 987 4466 p.
999 4402 1042 4452 12.
1115 4399 1297 4468 eplurlmum:
1313 4399 1424 4468 plurimi
1435 4400 1466 4451 V.
1538 4417 1562 4454 ιι
1574 4399 1614 4453 la·

871 4489 1012 4542 borarent:
1032 4487 1158 4542 laverunt
1173 4488 1202 4541 V.
