3906 5800
152 395 250 464 senti.
271 410 363 464 osan
384 410 415 464 o.
436 427 461 478 p.
485 413 541 472 uss,
564 413 602 464 io.
1047 411 1177 466 userius
1197 413 1231 478 11,
1250 413 1292 467 as.
1479 414 1541 480 149

97 589 302 674 Capricornus
334 611 423 667 sane,
458 589 512 672 qui
545 610 614 657 cum
646 589 747 655 cauda
844 589 946 655 Huius
973 589 1093 674 effigies
1120 589 1231 656 similis
1258 597 1306 655 est
1334 591 1498 676 Aegipani.
1553 590 1676 645 XXVII

51 699 143 782 piscis
163 697 315 782 pingitur,
338 696 424 780 qood
445 696 539 763 tuias
560 695 688 773 mensis,
711 696 746 760 ia
800 717 893 778 quem
911 695 1042 780 Iupiter,
1060 697 1144 780 quod
1164 718 1233 763 curn
1252 720 1288 764 co
1308 703 1377 764 orat
1394 703 1496 766 nutri·
1571 680 1669 749 Capri-

53 827 114 888 quo
140 826 200 886 per
227 826 297 870 eum
323 805 371 870 sol
397 803 510 880 euerrit,
540 803 656 868 ultimo
682 803 747 867 sint
799 808 860 880 tus,
880 803 910 866 in
930 803 1085 870 sideribus
1103 826 1170 870 esso
1188 791 1297 881 uoluit,
1315 811 1352 870 ut
1370 827 1496 890 capram
1563 787 1671 826 mm

46 913 205 993 pleucioso.
253 932 344 996 quom
372 909 499 976 fabulae
525 931 546 974 a
567 909 640 974 love
663 910 746 974 inter
799 909 967 987 nutricem,
995 912 1034 977 do
1062 933 1125 994 qua
1152 915 1226 976 ante
1253 912 1395 978 diximus.
1444 914 1497 981 bic

26 1026 134 1083 eastra
142 1019 338 1084 conlocatum
348 1017 453 1084 larunt
462 1021 591 1101 propter
601 1037 744 1100 capream
800 1017 895 1082 etism
918 1017 1042 1094 dicitur,
1065 1040 1144 1090 cum,
1154 1018 1275 1103 Iupiter
1292 1019 1422 1086 Titanas
1440 1042 1496 1104 op-
1523 1031 1540 1084 5

48 1133 179 1190 matrem
199 1125 276 1203 cius,
294 1147 375 1210 quse
394 1125 511 1190 dicitur
529 1123 624 1190 luisse
638 1125 746 1189 nutrix
800 1128 965 1208 pugnaret,
988 1125 1107 1208 primus
1126 1124 1276 1191 obiecisso
1293 1124 1436 1192 hostibus
1455 1127 1496 1192 11-

50 1234 140 1309 lovis,
158 1233 226 1298 siue
245 1232 328 1316 quod
342 1255 413 1298 cum
427 1231 481 1297 illo
496 1231 601 1307 luerit,
619 1231 745 1314 quando
798 1251 925 1308 morem,
947 1232 1001 1316 qui
1024 1227 1167 1309 πανικός
1185 1232 1373 1316 adpellatur,
1395 1237 1432 1298 ut
1449 1234 1496 1298 ait

49 1361 141 1423 super
159 1339 292 1406 Titanus
310 1337 476 1416 militabat,
499 1344 531 1404 ot
549 1337 746 1404 adinvenerit
798 1337 1033 1404 Eratosthenes.
1053 1337 1134 1376 *²*
1152 1339 1212 1404 hac
1229 1340 1325 1404 etiam
1344 1340 1383 1405 de
1401 1361 1496 1406 ceusu

47 1446 219 1524 cochleam,
246 1468 284 1512 os
311 1447 399 1512 cuius
425 1446 530 1510 sonitu
557 1445 663 1510 hostes
690 1466 745 1508 ex·
798 1444 866 1511 eius
888 1443 1069 1511 inferiorem
1090 1451 1212 1530 partem
1235 1446 1329 1529 piscis
1347 1467 1413 1512 esse
1431 1446 1494 1512 for·
1566 1450 1568 1456 '

10 1555 196 1643 ¹pelorrucuit
219 1558 314 1636 atque
336 1552 500 1637 fugaverit.
544 1572 637 1634 quem
660 1551 746 1616 illine
799 1551 943 1616 motione.
1002 1557 1034 1617 ct
1070 1553 1155 1635 quod
1186 1554 1357 1619 muricibus
1389 1553 1495 1620 hostes
1506 1564 1539 1616 10

10 1646 23 1747 l'
47 1660 178 1726 crudam
210 1659 305 1744 piscis
332 1657 449 1725 habere
471 1657 594 1744 fingunt
617 1664 746 1741 propter
798 1659 841 1723 sit
863 1659 1016 1724 iaculatus
1038 1680 1095 1743 pro
1119 1639 1260 1744 lapidum
1282 1661 1425 1725 iactioue.

47 1770 199 1834 namnam
238 1767 409 1844 cochleam,
445 1767 485 1832 de
517 1787 580 1849 qua
610 1763 746 1847 praefati

47 1897 158 1940 murus.

49 3087 209 3139 stochloam
227 3086 339 3152 scripsi:
361 3085 476 3139 condam
497 3083 529 3137 G.
567 3083 697 3137 concham
716 3087 742 3154 β.
830 3081 977 3136 01000000
994 3082 1103 3150 cipetum
1114 3082 1206 3149 posui.
1234 3097 1302 3134 nam
1315 3082 1346 3134 ia
1356 3082 1535 3150 praecedeuti

24 3175 115 3229 011100
136 3178 171 3244 βε
192 3172 250 3228 11110
271 3174 303 3228 G.
430 3191 455 3229 rr
474 3173 613 3227 cochleam
631 3173 743 3239 scripsi:
794 3171 959 3224 0000011000
971 3170 1042 3224 adusi
1058 3171 1136 3238 inest,
1155 3170 1231 3238 qaod
1245 3169 1284 3223 od
1300 3169 1464 3239 Capricorni
1475 3169 1533 3236 for·
1598 3241 1602 3248 Α

19 3265 110 3319 eandm
134 3264 171 3318 G.
210 3265 314 3318 coelam
334 3268 385 3316 cot
404 3262 526 3317 csuclam
545 3261 603 3316 ced.
624 3261 705 3315 «ieter.
794 3261 941 3314 0001100001
959 3258 1155 3327 explicandam
1172 3263 1279 3326 spectet.
1369 3277 1395 3315 uo
1413 3266 1442 3314 et
1460 3259 1533 3327 quod

795 3347 942 3403 muricibus
962 3363 984 3402 e.
996 3363 1021 3415 q.
1033 3365 1053 3402 s.
1072 3348 1140 3402 haec
1158 3353 1251 3416 aperte
1270 3347 1472 3402 Omcstcrismie
1490 3364 1532 3401 re·

791 3443 931 3507 preparent.
959 3437 1077 3504 copilcri
1094 3437 1203 3504 quidem
1217 3443 1306 3505 potest
1320 3437 1464 3507 priauec
1483 3442 1534 3489 cut

796 3525 1534 3592 001001Μο0010001010110000000001011000ῑῶΝο

796 3615 959 3682 edomuisse,
973 3614 1022 3668 scd
1030 3631 1123 3668 vercor
1135 3632 1170 3669 rie
1183 3615 1264 3670 cerba
1280 3615 1315 3668 ab
1328 3613 1533 3682 immolaturo,

795 3705 844 3772 qai
862 3703 995 3759 damnum
1013 3719 1101 3771 supra
1123 3709 1249 3758 notatum
1271 3705 1380 3772 explere
1397 3703 1532 3772 madebat,

795 3792 895 3848 addua
912 3793 975 3846 0101.
