3906 5800
191 549 310 602 XVIII.

193 625 300 702 Ἵππος.

332 373 395 438 120
498 371 637 424 Eemoue.

423 545 549 612 Τούτου
566 542 675 630 μόνον
694 539 735 612 τὰ
755 543 806 630 ἔμ-

372 659 526 738 προσθεν
560 655 715 734 φαίνεται
744 650 807 729 ἕως

374 753 538 844 ὀμφαλοῦ.
594 753 723 842 Ἄρατος
745 759 806 843 μὶν

373 854 435 932 οὖν
466 867 547 953 φησὶ
573 858 634 931 τὸν
663 864 718 931 ἐπὶ
745 872 807 932 τοῦ

345 965 546 1049 5Ἐλικοῖνος
586 967 671 1036 εἶναι
712 966 806 1057 ποιή-

373 1099 478 1144 σαντα
501 1074 628 1164 κρήνην
650 1083 690 1160 τῇ
710 1069 806 1160 ὁπλῇ,

373 1178 431 1266 ἀφ’
447 1174 488 1249 οὗ
501 1189 677 1252 καλεῖσθαι
685 1175 807 1250 Ἵππου

373 1287 511 1377 κρήνην
549 1284 644 1356 ἄλλοι
678 1291 712 1355 dt
745 1281 806 1356 τὸν

373 1393 530 1482 Πήγασον
550 1391 634 1460 εἶναί
649 1415 731 1477 φασι
745 1389 806 1461 τὸν

329 1513 363 1566 10
373 1502 419 1580 εἰς
433 1495 474 1567 τὰ
490 1496 595 1587 ἄστρα
609 1495 807 1568 evomente

372 1599 514 1693 ὕστερον
551 1615 609 1694 τῆς
646 1611 806 1693 Βελλερο-

373 1711 505 1796 φόντου
528 1710 698 1790 πτώσεως.
753 1705 806 1778 διὰ

374 1819 410 1884 δὲ
428 1811 525 1904 τὸμὴ
542 1815 628 1903 ἔχειν
641 1819 807 1904 πτέρυγας

372 1917 545 1991 ἀπίθανον
601 1927 695 1992 δοκεῖ
740 1926 807 1990 τιοὶ

329 2041 362 2096 15
371 2044 483 2096 ποιεῖν
505 2023 567 2096 τὸν
591 2027 702 2115 λόγον.

418 2129 599 2224 Εὐριπίδης
636 2137 673 2202 δέ
704 2154 806 2223 φησιν

373 2242 409 2308 ἐν
451 2246 654 2325 Μελανίππη]
684 2235 806 2328 Ἵππην

373 2345 457 2413 εἶναι
476 2342 537 2434 τὴν
556 2358 619 2414 τοῦ
635 2350 807 2433 Χείρωνος

372 2455 557 2540 θυγατέρα,
594 2448 651 2521 ὑπ’
679 2450 807 2521 Αἰόλου

327 2561 407 2626 2οδὲ
450 2555 681 2647 ἀπατηθεῖσαν
718 2566 807 2642 φθα-

372 2675 471 2754 ρῆναι
486 2669 543 2732 καὶ
557 2659 612 2732 διὰ
626 2658 688 2731 τὸν
704 2659 807 2749 ὄγκον

373 2781 430 2858 τῆς
452 2765 595 2857 γαστρὸς
618 2783 736 2854 φυγεῖν
761 2771 807 2847 εἰς

372 2872 414 2943 τὰ
434 2871 495 2964 ὅρη
510 2870 609 2942 κάκεῖ
621 2870 807 2961 ὦδινούοης

374 2976 475 3068 αὐτῆς
506 2975 568 3048 τὸν
600 2983 728 3068 πατέρα
757 2981 806 3048 ἐλ-

328 3095 449 3154 25θεῖν
472 3081 558 3154 κατὰ
578 3085 721 3175 ζήτησιν,
744 3082 806 3174 τὴν

374 3188 406 3260 δ’
444 3189 605 3276 εὔξασθαι
641 3198 805 3278 καταλαμ-

364 3401 487 3474 1μόνον
510 3405 675 3460 Araalde‘ae.
716 3401 806 3472 μόνον

327 3495 398 3549 lari.
449 3486 593 3564 ellpaeec
612 3497 671 3548 κτλ.
691 3512 714 3548 υ.
735 3495 805 3549 Pro·

328 3583 468 3654 lepomena
482 3599 512 3650 p.
532 3586 574 3635 33.
616 3601 642 3638 ιο
661 3585 759 3636 δοκεῖ.
776 3626 804 3636 ,.

327 3679 420 3726 ποιεῖν
430 3665 480 3725 τὸν
489 3665 680 3742 lelyovaempe
690 3672 804 3726 Aratus.

328 3765 445 3814 ceterum
463 3761 530 3812 haee
549 3759 629 3812 verba
643 3777 701 3813 aea
717 3761 803 3814 solum

328 3867 346 3902 a
362 3847 503 3915 Gatalopie
520 3847 568 3900 eed
587 3846 627 3900 uel
646 3865 664 3900 a
683 3845 804 3900 Cataete-

327 3936 417 3991 riemee
440 3936 535 3988 aliena
559 3951 593 3988 ae
616 3936 686 3988 satie
703 3937 807 3989 recenti

328 4031 446 4092 ternpore
483 4023 584 4078 addita
615 4039 671 4077 eeee
703 4039 805 4094 eeeeeo,

324 4113 490 4181 praesentim
512 4128 574 4166 eam
596 4127 675 4165 nemo
697 4113 805 4165 tentiam

278 4223 281 4228 ·
327 4200 610 4270 eazepaeeeiaeaear.
667 4195 805 4256 ιοένΜε-

327 4290 450 4358 λανῖππη
468 4277 570 4357 υῖππην
597 4288 804 4343 Valckenarius.

329 4378 518 4445 Μελανίππην
541 4377 604 4430 leleri
626 4383 651 4430 et
673 4378 715 4430 ita
737 4376 805 4445 lepe-

327 4472 395 4518 raat
413 4466 494 4520 solsol.
515 4467 604 4520 Germ.

858 3496 1006 3550 Bekkerue.

861 371 960 424 Senon.
977 373 1065 424 Am.
1086 387 1109 423 v.
1124 371 1185 424 208.
1204 386 1231 438 p.
1252 369 1294 432 70,
1313 368 1338 421 3.
1402 368 1502 422 Senon.
1521 366 1614 420 Genu.
1634 365 1687 418 BP.
1706 381 1734 433 p.
1753 364 1803 426 78,
1828 363 1878 414 21.

945 537 1143 632 Ἡμιτελὴς
1181 544 1218 610 δέ
1249 543 1340 610 ἐστιν
1437 544 1498 608 Hie
1535 541 1682 608 dimidius
1714 546 1763 606 eet
1802 540 1842 602 in

905 645 990 716 αὐτὰ
1004 645 1046 717 τὰ
1060 649 1251 736 ἒμπρόοθια
1265 651 1339 732 pal·
1393 650 1498 734 priore
1525 653 1616 733 perte
1638 669 1754 730 parens
1778 667 1843 710 us-

905 783 976 824 νονν
1000 753 1073 843 ἀχρὶ
1090 766 1153 824 τοῦ
1171 749 1337 840 ὀμφαλοῦ·
1394 779 1454 840 que
1481 757 1523 822 ad
1545 753 1738 818 umbilicum.
1786 751 1842 816 A·

905 863 938 932 ol
973 867 1034 949 μὲν
1072 858 1176 932 αὐτὸν
1207 864 1340 949 λέγουσι
1393 870 1482 928 ratus
1517 862 1595 928 dioit
1630 881 1702 924 eum
1733 881 1842 943 super

878 965 967 1038 οτὸν
1026 968 1224 1054 κολάψοντα
1278 967 1339 1060 τὴν
1393 969 1545 1036 Helieone
1567 973 1706 1034 montem
1724 969 1839 1032 eitum.
1875 975 1894 1026 ο

893 1075 1031 1164 ,κρήνην
1055 1077 1091 1144 ἐν
1115 1086 1164 1163 τῷ
1178 1072 1340 1160 Ἑλικῶνι,
1393 1076 1476 1140 huno
1511 1075 1589 1142 dieit
1620 1075 1675 1157 qui
1706 1073 1840 1156 Hippo-

906 1182 938 1250 ol
984 1184 1019 1249 δὲ
1065 1175 1126 1249 τὸν
1172 1180 1338 1271 Πήγασον.
1393 1203 1517 1246 orenem
1541 1181 1625 1246 feeit.
1666 1179 1722 1244 aljj
1745 1179 1839 1244 hunc

905 1286 1030 1376 μίμημά
1053 1309 1155 1370 φασιν
1175 1287 1259 1357 εἶναι
1277 1299 1340 1356 τοῦ
1394 1288 1549 1370 Pegasum
1563 1288 1672 1352 dicunt
1685 1286 1728 1350 ad
1742 1291 1839 1351 astra

906 1392 1074 1482 Πηγάσου,
1099 1386 1135 1472 ὃς
1157 1392 1339 1480 πορευόμε-
1394 1394 1545 1471 evolasse,
1621 1399 1838 1477 posteaquam

862 1514 895 1567 10
905 1527 964 1581 νος
998 1495 1051 1567 διὰ
1079 1510 1140 1566 τοῦ
1163 1494 1341 1580 Ἑλικῶνος
1393 1501 1660 1584 Bellerophonten
1684 1522 1703 1564 e
1723 1520 1756 1564 se
1775 1519 1838 1563 ex·
1853 1507 1891 1558 lo

905 1621 976 1684 τοῖς
989 1609 1091 1673 ποσὶν
1106 1603 1220 1693 ἔρρηξε
1230 1601 1340 1694 πηγὴν
1394 1607 1534 1672 oueserit.

904 1707 967 1801 τὴν
990 1713 1199 1799 καλουμένην
1216 1705 1339 1779 Ἵππου

904 1817 1039 1907 κρήνην.

949 1919 1055 2010 ἱερὸς
1075 1926 1110 1990 δὲ
1126 1918 1145 1990 ὃ
1162 1925 1337 2002 lanae...

905 2024 959 2097 ὅτι

945 2130 1105 2223 (βροντήν
1119 2161 1154 2202 τε
1171 2135 1338 2224 στεροπήν
1436 2137 1604 2220 Euripides
1627 2136 1834 2220 Melanippen

905 2267 938 2308 ee
964 2243 1058 2326 φέρει
1077 2245 1127 2307 Διὶ
1149 2237 1339 2328 μητιόεντι.’
1393 2243 1538 2308 Chironis
1548 2241 1646 2308 filiam
1655 2263 1723 2308 esse
1733 2243 1835 2306 ostris

1392 2351 1537 2424 inlatam
1559 2371 1640 2432 quae
1663 2348 1704 2414 eb
1729 2347 1833 2414 Aeolo

1392 2477 1560 2539 conpressa
1592 2454 1724 2539 gravida
1755 2475 1833 2537 pro-

1391 2562 1473 2646 fugit
1500 2562 1541 2627 ob
1564 2563 1717 2644 pudorem
1740 2559 1880 2625 Pellaeo

1391 2673 1505 2733 monte.
1526 2688 1628 2749 ¹qutun
1647 2687 1717 2732 oum
1735 2674 1832 2750 pater

1391 2773 1580 2856 requireret,
1607 2795 1646 2839 ne
1670 2774 1699 2838 ei
1722 2795 1757 2838 oe
1780 2775 1831 2838 ol-

1390 2880 1490 2944 lerret
1520 2879 1713 2955 advenienti,
1751 2880 1830 2945 deo-

1390 3008 1460 3050 rum
1469 2985 1830 3050 misericordievereein

1390 3114 1507 3174 equum
1543 3112 1677 3172 pueram
1707 3094 1874 3174 genuinae

1391 3220 1485 3280 quem
1511 3197 1551 3262 ob
1575 3198 1642 3263 eius
1665 3199 1829 3282 petrisque

1425 3407 1588 3464 eHelioona
1601 3415 1720 3462 montem
1735 3408 1872 3464 Kleeele'a·

1388 3497 1459 3566 piae.
1493 3496 1629 3550 Helicona
1646 3496 1750 3551 fontem
1769 3501 1796 3566 β.
1824 3513 1870 3566 ge-

1390 3583 1570 3638 niculatorem
1576 3583 1652 3638 BPS
1664 3585 1740 3652 qaod
1750 3585 1870 3654 interpe-

1390 3673 1475 3726 latori
1483 3671 1601 3726 debetne.
1621 3669 1871 3727 οαυατὸνέπλτοῖ·

1387 3754 1537 3823 Ἑλικῶνος
1552 3754 1623 3814 εἶναι
1634 3777 1723 3828 praee
1737 3761 1871 3814 intellexit

1389 3850 1518 3918 praeiere
1533 3847 1710 3903 dletlaelioae
1720 3855 1786 3916 poet
1800 3843 1868 3904 eluat

1386 3937 1489 4003 posita.
1535 3935 1698 4006 Brepeipiae
1734 3935 1869 3991 eemawle

1392 4024 1510 4092 adponit
1519 4024 1676 4092 anamais
1686 4024 1772 4078 latini
1781 4025 1868 4079 verba:

894 3407 971 3461 Dedi
988 3425 1021 3462 ee
1035 3409 1103 3462 MV.
1138 3410 1237 3476 paullo
1257 3409 1337 3464 aliter

894 3603 905 3638 1
921 3579 1067 3653 Ἡμιτελὴς
1081 3592 1105 3638 et
1120 3601 1183 3639 moa
1201 3603 1227 3640 14
1247 3581 1337 3656 ὶερόςζ·

859 3671 1015 3740 οπρῑὶοαῖκν
1033 3673 1119 3726 Arati
1137 3690 1159 3726 υ.
1179 3677 1242 3726 215.

894 3761 1050 3817 1eHesiod.
1073 3762 1206 3830 llneopoa.
1225 3765 1292 3816 286.

1391 4117 1494 4168 Aratus
1514 4128 1620 4180 quoque
1640 4111 1681 4167 eit
1694 4129 1779 4182 super
1793 4111 1866 4166 Heli-

859 4217 953 4256 conem
974 4217 1033 4256 esee
1052 4202 1155 4256 crinem
1175 4204 1203 4267 (i.
1222 4220 1243 4256 e.
1263 4197 1386 4272 κρήνην).
1452 4219 1477 4257 18
1488 4207 1553 4269 poet
1570 4200 1697 4255 inlatam:
1717 4217 1779 4256 cum
1798 4205 1867 4256 esset

858 4289 1007 4344 interfecte
1020 4290 1048 4344 in
1064 4289 1141 4344 Pelio
1155 4297 1248 4345 monte
1263 4305 1379 4360 eamque
1389 4290 1542 4345 naturalem
1557 4288 1678 4359 lpeciem
1693 4304 1865 4344 conservasse

858 4377 918 4432 BP.
943 4396 993 4432 om.
1018 4377 1046 4433 S.
1066 4378 1116 4433 ael.
1137 4397 1158 4432 ε.
1211 4395 1281 4447 quae
1304 4379 1411 4447 eeripei.
1434 4393 1497 4433 nem
1522 4395 1583 4432 eum
1607 4378 1654 4446 qui
1676 4378 1732 4431 BP
1751 4393 1865 4447 nemque

859 4484 918 4520 cum
940 4466 968 4521 S.
989 4483 1061 4534 qaae
1079 4469 1119 4520 lta
1138 4469 1243 4536 sarepta
1262 4474 1340 4535 eant,
1364 4473 1513 4534 poet-auam
1532 4467 1730 4534 praecedentia
1749 4469 1863 4535 interpe-

859 4555 919 4608 lata
936 4561 1010 4608 enat.
1043 4561 1108 4622 poet
1126 4557 1225 4610 Aeolo:
1246 4573 1307 4610 oum
1327 4556 1397 4610 libri.
1440 4555 1537 4610 deleuit
1555 4559 1582 4626 β.
1672 4572 1698 4612 ee
1717 4571 1817 4624 equum
1835 4555 1863 4606 P.

859 4659 956 4712 equom
981 4659 1051 4698 coer.
1070 4645 1102 4697 la
1125 4660 1224 4712 equam
1247 4645 1281 4697 B.
1320 4661 1434 4713 puerum
1458 4645 1492 4699 de
1514 4646 1573 4699 eale
1591 4643 1733 4698 addidisse
1751 4644 1862 4712 aidane,

859 4747 946 4797 aeque
965 4733 1035 4784 eaim
1055 4737 1131 4786 extat
1149 4734 1180 4785 ia
1199 4733 1326 4800 Epilome
1343 4749 1431 4800 nepae
1449 4733 1543 4801 Hippe
1558 4749 1679 4800 pueram
1696 4734 1801 4801 penult,
1820 4731 1863 4786 sed

859 4820 1042 4887 Melanippen
1057 4821 1190 4887 puellam.
1263 4839 1289 4876 ee
1308 4822 1342 4876 ob
1362 4839 1412 4874 om.
1432 4821 1464 4876 P.
