3908 5802
1529 448 1570 516 31

69 647 220 716 recurrant,
242 661 323 724 quae
346 637 379 704 in
402 637 527 705 scholiis
550 637 674 704 Arateis
696 641 820 703 serrata
841 641 927 714 sunt3
956 633 1068 700 deiude
1095 653 1175 718 quae
1197 631 1281 718 apud
1305 631 1462 718 Hyginum
1484 635 1517 697 et
1539 633 1570 696 in

68 747 174 812 scholiis
194 746 426 812 Basileensibus
453 746 585 830 legimus
606 745 715 822 verba,
742 765 835 828 saepe
857 743 1022 827 Epitomae
1049 748 1113 808 tam
1140 747 1284 806 accurate
1308 741 1510 824 respondent,
1537 743 1572 802 ut

67 855 87 916 si
107 877 161 918 non
181 855 290 920 eadem
313 854 422 930 verba,
444 859 478 920 at
501 859 584 920 certe
607 853 766 918 simillima
789 859 954 936 utrumque
977 855 1050 916 ante
1074 850 1179 914 oculos
1201 848 1347 914 habuisse
1369 868 1495 914 necesse
1518 846 1572 919 sit3

66 963 137 1025 cuius
156 961 200 1026 rei
222 983 319 1026 unum
342 961 515 1044 exemplum
539 961 682 1026 attulisse
705 957 851 1036 sufficiet;
874 981 947 1024 nam
969 971 1039 1024 eum
1061 958 1203 1041 Hyginus
1225 955 1297 1020 114
1320 955 1438 1022 scribat
1460 954 1498 1018 dc
1519 952 1574 1016 hcc

66 1068 158 1146 sertin,
183 1073 219 1132 ut
244 1069 286 1134 sit
307 1068 411 1134 Arcas
437 1068 561 1134 ιιονιίνο
587 1089 690 1132 nonne
712 1068 845 1150 adparet
872 1087 943 1132 eum
967 1067 1075 1130 eadem
1097 1064 1194 1128 verba
1219 1061 1345 1146 legisse,
1372 1082 1453 1145 quas
1479 1057 1573 1124 hodie

67 1175 88 1237 in
109 1174 247 1257 Epitome
269 1175 291 1238 4
319 1181 443 1241 exstant
469 1176 546 1257 περὶ
573 1170 696 1240 τούτου
720 1173 860 1260 λέγεται,
888 1165 941 1238 ὅτι
964 1165 1077 1258 Ἀρκάς
1101 1171 1209 1238 torar?
1254 1169 1361 1255 itaque
1388 1169 1490 1236 elucet
1512 1166 1572 1234 Ca-

68 1281 295 1348 tasterismorum
318 1283 487 1349 dictionem
510 1283 550 1347 ab
574 1282 719 1366 Epitomo
742 1283 835 1348 nimis
858 1281 1012 1346 diversam
1034 1301 1097 1346 non
1119 1279 1223 1344 fuisse.

137 1388 179 1452 At
200 1394 310 1455 contra
335 1389 414 1456 haec
441 1395 565 1474 reputa:
589 1411 669 1454 unus
691 1394 815 1454 tantum
842 1389 874 1452 in
898 1387 1128 1454 Gatasterismis
1155 1386 1288 1471 scriptor
1314 1387 1574 1450 commoneretur

66 1496 265 1563 Eratosthenis
287 1504 391 1563 aetate
414 1497 552 1562 inferior.
590 1503 638 1562 est
655 1497 682 1560 is
701 1496 898 1580 Hipparchus
916 1497 948 1560 in
967 1495 1111 1578 Epitoma
1130 1493 1238 1558 XXIII
1258 1517 1286 1576 p.
1305 1490 1379 1568 254,
1398 1489 1454 1556 25ι
1477 1487 1573 1554 θέσιν

66 1596 90 1664 l'
105 1599 231 1687 ἔχουσιν
254 1603 334 1690 (scil.
354 1601 387 1668 al
406 1599 580 1690 Πληιάδες)
601 1591 638 1667 εὖ
660 1598 747 1687 μάλα
770 1605 916 1686 κείμεναι
939 1593 1024 1668 κατὰ
1046 1593 1107 1667 τὸν
1119 1593 1302 1687 Ἵππαρχον
1320 1597 1574 1684 τριγωνοειδοῦς

66 1705 217 1795 σχήματος.
268 1712 302 1776 in
330 1711 510 1796 Hipparcho
542 1711 619 1776 haee
645 1710 740 1775 verba
771 1709 889 1776 frustra
915 1710 1062 1793 quaesivi.
1113 1716 1221 1774 extant
1248 1715 1352 1772 autom
1384 1707 1417 1770 in
1449 1703 1574 1770 scholiis

66 1815 171 1882 Arateis
193 1819 233 1882 ad
257 1841 284 1882 v.
308 1817 372 1884 254
394 1841 424 1902 p.
449 1819 499 1896 74,
525 1819 579 1882 13:
607 1819 663 1884 καὶ
685 1812 796 1902 ἔχουσι
819 1823 923 1903 σχῆμα
949 1817 1123 1902 τρίγωνον,
1152 1805 1192 1881 οὗ
1215 1808 1234 1902 ἡ
1257 1810 1351 1895 βάσις
1374 1804 1430 1878 ἐπ’
1453 1803 1574 1876 ἀνατο-

65 1914 112 2007 ilp·
132 1923 319 2008 τέτραπται.
365 1931 432 1990 tum
459 1927 565 2009 paucis
593 1925 786 2008 interpositis
812 1923 915 1989 verbis
942 1925 989 1990 ita
1015 1924 1169 2007 pergitur:
1202 1915 1220 1988 ὃ
1242 1913 1421 2005 Ἵππαρχος
1449 1918 1484 1984 δὲ
1512 1908 1574 1982 οὐκ

20 2107 21 2112 ¹
65 2027 106 2094 iri
127 2036 186 2095 τοῦ
212 2026 340 2116 Ταύρου
363 2023 516 2118 (καὶγὰρ
540 2022 640 2108 αὐτὸς
662 2023 823 2118 ἡμίτομον
847 2023 908 2096 τὸν
935 2035 1062 2116 Ταῦρον
1084 2029 1203 2118 merely
1228 2031 1308 2116 φησὶ
1332 2029 1420 2114 dim)
1444 2033 1492 2112 τῷ
1515 2023 1575 2108 μὲν

20 2191 21 2236 ρ
64 2139 131 2201 aedi
155 2145 215 2202 τοῦ
242 2136 397 2224 Περσέως
422 2141 549 2222 μᾶλλον
577 2129 678 2215 αὐτὰς
705 2133 911 2224 πλησιάζειν,
937 2133 1055 2223 πόρρω
1083 2138 1171 2224 disl’)
1201 2133 1284 2202 εἶιναι
1311 2143 1374 2201 τοῦ
1401 2127 1577 2218 ἀριστεροῦ

20 2251 21 2264 ³
65 2239 195 2326 γόνατος.
246 2248 342 2329 atque
368 2245 447 2310 haec
473 2267 547 2312 sane
573 2245 605 2311 in
633 2245 814 2330 Hipparcho
846 2246 993 2330 leguntur
1020 2246 1063 2328 (p.
1093 2245 1134 2311 12
1161 2243 1308 2310 editionis
1334 2240 1483 2317 Victorii,
1514 2257 1577 2321 qua

64 2353 119 2416 sola
140 2353 211 2418 mihi
235 2355 282 2418 uti
306 2353 422 2440 licuitl:
451 2350 482 2418 oi
509 2344 571 2436 γὰρ
598 2351 635 2417 ἐν
662 2360 710 2438 τῷ
734 2345 897 2438 ἀριστερῷ
923 2353 1005 2418 ’ποδὶ
1027 2358 1089 2418 τοῦ
1112 2351 1265 2436 Περσέως
1291 2346 1324 2430 β’
1349 2349 1492 2432 λαμπροὶ
1520 2347 1576 2410 καὶ

65 2454 103 2522 ἔτι
123 2457 159 2524 ἐν
180 2468 219 2543 τῇ
243 2453 398 2550 ἀριστερᾷ
421 2455 528 2546 κνήμῃ
550 2465 667 2546 πολλῷ
691 2459 834 2544 ἔγγὶονές
857 2459 919 2525 εἰσι
942 2466 1013 2524 τῶν
1031 2455 1211 2545 Πληιάδοον
1233 2450 1317 2544 ἢπερ
1341 2449 1380 2521 τὸ
1401 2443 1576 2540 ἀριστερὸν

64 2561 142 2648 γόνυ.
183 2568 266 2632 unde
293 2588 355 2633 non
382 2567 488 2650 inepte
516 2566 654 2652 conligas
680 2567 776 2632 verba
803 2589 884 2650 quae
911 2568 1003 2633 mode
1028 2588 1066 2632 ex
1088 2566 1234 2652 Epitome
1256 2565 1363 2641 attuli,
1390 2585 1437 2650 en⁴
1451 2561 1577 2627 scholiis

66 2673 173 2738 Arateis
190 2673 231 2739 ab
250 2675 476 2758 interpolatore
493 2675 603 2740 addita
620 2696 696 2751 esse,
715 2675 767 2759 qui
782 2674 956 2759 Hipparchi
975 2673 1165 2739 mentionem
1183 2672 1287 2757 paullo
1305 2677 1377 2756 post
1396 2669 1519 2734 obviam
1536 2667 1576 2730 ad

66 2781 268 2861 praecedentia
287 2803 409 2866 quoque
427 2802 591 2866 perperam
609 2782 775 2847 rettulerit.
803 2781 885 2847 adde
904 2783 986 2866 quod
1005 2779 1110 2856 verba,
1128 2787 1266 2846 ceterum
1285 2780 1347 2842 iam
1362 2774 1578 2842 Schaubachio

65 2895 200 2970 suspecta,
222 2909 324 2971 neque
347 2889 430 2971 apud
452 2888 609 2972 Hyginum
632 2911 732 2972 neque
756 2889 788 2954 in
811 2889 937 2955 scholiis
960 2889 993 2952 in
1013 2887 1231 2954 Germanicum
1254 2885 1438 2969 conscriptis
1461 2886 1577 2947 extant.

67 2992 228 3078 Hipparcho
246 2995 345 3079 igitur
358 3002 487 3079 excepto
500 3003 621 3061 ceteros
635 3017 750 3073 omnes,
769 2996 822 3079 qui
836 2997 869 3060 in
883 2995 1114 3062 Catasterismis
1129 2995 1337 3070 nominantur,
1356 2987 1577 3075 scriptores⁶³l

67 3110 125 3166 ante
148 3101 386 3169 Eratosthenem
408 3103 521 3168 vixisse
543 3110 599 3168 aut
621 3104 816 3187 exploratum
839 3109 887 3167 est
909 3109 965 3168 aut
987 3103 1156 3166 admodum
1179 3100 1355 3185 probabile;
1379 3121 1470 3165 nemo
1493 3101 1578 3161 certe

69 3217 317 3287 commemoratur,
340 3231 432 3292 quem
450 3211 655 3294 posteriorem
674 3211 758 3274 illius
777 3215 881 3275 aetate
900 3231 968 3274 esse
986 3215 1115 3275 constet.
1153 3207 1350 3292 Hegesianax
1372 3205 1577 3286 Hermippus-

68 3337 126 3396 que,
147 3317 198 3398 qui
220 3317 440 3383 Eratosthenis
462 3317 528 3382 fere
551 3317 695 3400 aequales
719 3317 814 3382 fuisse
837 3317 997 3393 sidentur,
1024 3337 1178 3399 nusquam
1201 3317 1497 3388 commemorantur,
1520 3310 1579 3376 etsi

67 3429 89 3482 et
112 3419 297 3507 Φοινόμενα
321 3425 503 3507 scripserint
526 3431 558 3488 et
580 3444 600 3487 a
622 3425 805 3506 posterioris
828 3424 942 3490 aetatis
965 3422 1170 3506 scriptoribus
1188 3421 1273 3486 velut
1291 3420 1428 3503 Nigidio,
1445 3418 1579 3501 Hygino,

67 3527 236 3595 scholiorum
256 3531 443 3596 Arateorum
461 3538 588 3596 auctore
607 3531 765 3614 compilati
784 3532 854 3595 sint.
886 3531 1012 3596 omnino
1031 3537 1157 3613 praeter
1175 3529 1307 3594 Aratum
1325 3548 1416 3592 nemo
1435 3526 1468 3590 in
1487 3523 1579 3589 Cata-

20 3703 21 3706 *
67 3635 200 3702 sterismis
218 3639 453 3704 commemorari
467 3639 600 3713 videtur,
619 3639 671 3720 qui
691 3639 766 3702 data
784 3658 879 3721 opera
898 3637 936 3702 do
955 3635 1109 3702 sideribus
1129 3637 1236 3718 egerit.
1264 3641 1298 3699 at
1316 3655 1394 3718 quos
1412 3632 1579 3714 scriptores

67 3740 205 3808 adhibuitl
250 3744 331 3808 nihil
354 3746 424 3811 dico
447 3745 486 3810 de
509 3745 657 3820 Homero,
686 3745 832 3820 Hesiodo,
857 3744 1019 3828 praeclara
1041 3742 1233 3826 tragicorum
1256 3742 1359 3806 triade
1382 3740 1431 3804 vol
1453 3740 1493 3803 de
1516 3739 1579 3802 An·

67 3847 194 3926 listhene,
221 3849 399 3930 Aristotele,
426 3851 596 3917 Heraclida
618 3851 760 3926 Pontico;
789 3851 867 3916 nihil
894 3851 933 3916 dc
961 3839 1147 3934 Pherecyde,
1175 3847 1255 3913 nihil
1282 3849 1322 3912 de
1346 3846 1468 3932 Ctesias
1496 3851 1580 3911 certo

68 3973 117 4016 non
141 3958 177 4022 do
204 3957 297 4022 trivio
325 3959 426 4041 petita
452 3959 616 4025 mentione.
662 3959 732 4041 plus
759 3959 821 4023 iam
844 3959 928 4022 valet
950 3957 1150 4031 Pisandrum,
1177 3955 1347 4039 Panyasis,
1373 3975 1410 4018 ea
1437 3954 1580 4035 denique,

68 4079 132 4142 sluaa
152 4063 324 4150 Musaei⁸⁴)
348 4071 380 4130 et
403 4065 597 4149 Epimenidis
623 4066 748 4130 nomine
775 4063 970 4142 ferebantur,
997 4064 1136 4130 carmina
1162 4062 1332 4146 compilata
1359 4081 1433 4126 esse.
1477 4059 1580 4123 rarius

68 4171 185 4236 assumit
212 4171 432 4255 Aglaosthenis
460 4171 612 4237 Sminthis
639 4172 826 4259 Myrtiliffi),
852 4193 1004 4256 nusquam
1027 4169 1241 4236 Aristomachi
1268 4168 1424 4234 memoria.
1471 4185 1581 4248 neque,

68 4283 200 4352 quantum
227 4300 285 4362 ego
313 4280 421 4356 sciam,
448 4279 640 4345 Artemidori
668 4279 925 4363 agrammatico,
951 4279 1006 4361 qui
1029 4279 1084 4344 diu
1107 4282 1180 4360 post
1203 4274 1420 4342 Eratosthenis
1443 4279 1579 4340 aetatem

80 4419 88 4422 “
101 4421 259 4432 --------.

141 4509 172 4575 ⁶¹)
190 4511 233 4564 lta
251 4511 315 4565 MV.
335 4525 432 4578 φησιν·
452 4505 522 4564 ἀλλὰ
541 4511 692 4564 Bekkerus.

141 4597 173 4664 ΘΙ)
189 4600 253 4654 Post
271 4597 315 4653 ot:
334 4593 385 4667 τὴν
403 4593 512 4668 κνήμην
530 4600 681 4663 Bekkerus,
701 4599 772 4668 quod
791 4600 820 4654 M
840 4607 868 4653 et
885 4601 910 4654 V
928 4605 1004 4653 reete
1023 4597 1159 4652 omittunt.

143 4686 173 4752 ⁸³)
191 4688 351 4758 Gatalognm
371 4705 463 4744 eorum
482 4695 631 4756 auctorum,
652 4689 698 4757 qui
717 4689 745 4742 in
761 4688 963 4744 Catasterismis
981 4688 1164 4752 nominantur,
1183 4685 1395 4754 fragmentorum
1415 4684 1580 4740 conlectioni

71 4769 170 4829 altrum
189 4775 320 4832 hivanies.

143 4863 172 4930 “l
190 4865 231 4920 De
250 4866 414 4936 Epimcnide
434 4873 461 4921 et
480 4868 593 4920 Musaeo
612 4884 635 4920 v.
656 4865 827 4936 Epimetrum
849 4868 895 4920 llI.

144 4953 173 5011 “l
192 4955 265 5023 Quae
291 4972 325 5011 ex
344 4955 456 5025 Myrtilo
479 4956 513 5010 de
532 4956 675 5025 Hysdibus
694 4955 789 5011 Cadmi
812 4955 922 5011 filiabus
945 4962 1103 5018 armantur,
1128 4954 1163 5008 ad
1186 4951 1327 5022 scriptoris
1351 4951 1426 5006 illius
1446 4950 1579 5005 Lesbiaco

73 5043 133 5092 recte
153 5044 255 5100 rettulit
278 5045 390 5100 Carolus
414 5045 549 5100 Mulieres
571 5047 616 5100 Fr.
636 5045 699 5100 hist.
723 5061 813 5114 graec.
839 5045 876 5100 IV
896 5062 922 5113 p.
942 5045 1007 5114 4553
1031 5043 1059 5098 in
1088 5042 1142 5098 alio
1166 5041 1288 5099 eiusdem
1312 5040 1403 5112 operis
1426 5041 1579 5110 fragmento
