3920 5806
159 486 256 541 Senon.
277 485 369 538 Genu.
389 485 421 538 G.
445 501 471 552 p.
492 485 551 550 175,
572 487 612 538 13.
1061 483 1305 548 llue1uusll‚32.
1486 447 1553 549 ἱ179

112 664 345 746 inquinandam
367 683 439 729 vero
460 661 549 728 Goon
572 663 625 747 qui
649 669 682 728 et
701 661 759 728 Ni·
856 661 949 726 Hunc
979 662 1035 726 alii
1062 661 1182 740 Nilum,
1214 661 1389 746 complures
1416 662 1512 727 etiam

78 773 115 836 lus
139 791 202 837 esse
229 771 435 837 existimetur.
472 771 544 836 ideo
575 791 649 854 orgo
676 771 759 836 inter
812 769 970 835 Oceanum
997 770 1153 834 dixemnt.
1190 771 1244 854 qui
1271 774 1377 834 autem
1404 770 1511 834 Nilum

77 880 165 944 sidere
190 879 387 944 conlocatum
414 877 533 955 ferunt,
565 877 712 962 quoniam
739 900 760 942 a
811 876 922 942 volunt
952 877 1070 954 vocari,
1101 882 1232 960 propter
1263 877 1511 961 magnitudinem

76 987 241 1051 meridianis
282 986 426 1070 partibus
466 986 593 1068 utrique
634 1005 759 1050 cursum
812 985 879 1049 eins
915 989 948 1050 et
983 983 1155 1049 utilitatem
1190 984 1412 1069 aequissimum
1444 1005 1511 1050 esse

22 1120 26 1171 2
57 1092 196 1176 alinigena
223 1095 265 1158 ad
292 1115 379 1160 mare
407 1099 586 1158 cernuntur.
632 1097 681 1158 est
703 1113 758 1156 au·
812 1091 1038 1168 demonstrent,
1054 1097 1220 1174 praeterea
1238 1093 1320 1177 quod
1338 1091 1422 1156 infra
1440 1114 1511 1157 eum
1538 1101 1555 1154 5

23 1192 28 1296 l
75 1209 126 1264 tem
161 1201 246 1266 sidus
281 1201 452 1266 multarum
493 1199 654 1266 stellarum
689 1199 758 1264 luoa
811 1199 967 1282 quaedam
994 1197 1088 1264 stelle
1114 1199 1156 1265 sit
1184 1199 1296 1264 elarius
1325 1200 1437 1264 ceteris
1464 1198 1511 1262 lu-

76 1315 261 1385 enornntnm,
293 1308 343 1372 oui
371 1307 513 1373 subiacet
540 1306 646 1384 stella,
678 1327 758 1390 quae
812 1328 883 1371 oens
914 1304 1041 1371 nomine
1068 1304 1210 1391 Canopos
1242 1306 1410 1389 adpellata.
1451 1304 1511 1370 Oa-

25 1424 29 1437 '
75 1421 188 1479 voantur
221 1413 367 1480 Canobus
402 1413 567 1499 tangitque
602 1415 758 1478 tem'onem
810 1433 910 1494 oopus
938 1416 1043 1477 alutem
1070 1412 1179 1477 insula
1205 1413 1336 1492 flamiae
1364 1411 1511 1477 adluitur

75 1522 156 1585 lienis.
188 1522 322 1604 adparet
349 1521 433 1586 enim
459 1521 649 1598 humillima,
676 1522 758 1585 unde
811 1521 895 1586 Nilo.

48 1633 99 1690 lost
118 1629 198 1692 eirea
220 1634 337 1694 terram
360 1649 427 1694 esse
449 1627 581 1693 videtur.

24 1886 30 1943 Ι
1127 1947 1176 2014 ΙΙΙ,
1195 1948 1238 2002 31.

854 2054 961 2120 Habet
986 2061 1091 2120 autem
1119 2054 1226 2120 stollas
1254 2054 1286 2120 in
1314 2056 1417 2138 prima
1439 2078 1508 2122 eur·

25 2166 30 2213 l
214 2185 216 2190 ·
810 2168 922 2228 nature
953 2161 1015 2239 ΙΙΙ,
1047 2162 1079 2225 in
1111 2163 1248 2227 secunda
1275 2161 1336 2239 ΙΙΙ,
1368 2163 1442 2228 item
1475 2165 1508 2228 in
1520 2173 1553 2226 15

25 2236 30 2265 Ι
809 2273 905 2335 tertia
932 2291 1030 2352 usque
1057 2271 1097 2333 ad
1125 2270 1327 2334 novissimum
1350 2270 1418 2334 Vll.
1443 2291 1508 2334 om·

811 2379 884 2442 uino
908 2384 955 2442 est
977 2377 1139 2441 stellamm
1161 2374 1248 2439 XIII.

73 2996 173 3053 1Geon:
195 2999 296 3054 Isidos.
319 3002 423 3070 Oriqin.
443 2999 529 3054 XIII
544 3003 589 3070 21,
611 3003 627 3054 7
650 3017 683 3054 ex
699 3001 755 3058 Ge·
844 3016 870 3055 ιι
889 3006 979 3054 antem
1000 3016 1050 3052 om.
1070 3000 1139 3056 MR.
1158 2999 1237 3054 habet
1261 2999 1289 3054 V.
1331 3017 1357 3056 16
1376 3000 1551 3054 novissimum

56 3087 91 3137 itii
105 3090 179 3154 2,13.
198 3095 315 3143 omnim
334 3090 369 3156 cs.
385 3089 556 3158 Epimetram
570 3090 594 3143 1.
636 3107 662 3146 io
680 3090 755 3145 vide·
808 3087 930 3144 BMPR.
950 3089 1124 3143 novissimam
1141 3088 1201 3142 GV.
1217 3089 1366 3143 novissima
1383 3090 1552 3143 Moaelterue

59 3183 86 3226 tu:
104 3175 159 3245 leqit
175 3178 313 3246 φαίνεται,
334 3179 517 3246 corruptelam
534 3179 688 3246 Epitomae.
810 3193 843 3232 ox
865 3177 999 3231 Ulite'ano.
