3906 5800
209 434 311 486 Scuon.
331 430 423 484 Gssnr.
443 429 474 484 G.
494 448 520 499 p.
545 431 601 495 137,
620 432 663 485 23.
1121 429 1251 482 HYGINUS
1270 431 1304 494 ll,
1324 430 1348 484 9-
1542 429 1605 494 115

155 606 215 672 Hic
237 613 286 672 est
308 608 342 672 in
364 609 475 674 ordine
497 611 638 691 quartus.
674 609 810 674 arcticus
907 607 999 672 Hunc
1026 606 1194 690 Euripides
1220 627 1291 672 cum
1318 607 1432 672 ceteris
1459 606 1561 672 Phoe-
1654 603 1720 658 XV·

111 713 245 780 circulus
272 715 357 780 hunc
378 715 492 798 recipit
513 735 534 780 e
554 712 688 798 pedibus
710 735 810 798 usque
862 714 941 778 nicis
973 713 1087 791 filium,
1119 713 1310 798 Aethiopum
1341 735 1461 798 regem,
1493 735 1561 780 esse
1621 691 1751 761 cepheus.

109 821 149 886 ad
175 827 296 904 pectus.
341 823 498 904 reliquum
526 825 633 886 eutem
660 822 728 886 eius
755 843 809 886 ex·
862 821 1056 898 monstravit,
1078 819 1299 886 Andromedae
1316 826 1450 903 putrem,
1469 840 1563 905 quam

109 929 193 994 cedit
225 928 267 994 sb
298 929 418 994 arctico
450 934 484 993 et
514 928 634 992 aestivo
662 928 808 994 solstitio.
862 933 932 993 coto
966 929 1162 1011 propositam
1197 927 1381 992 notissimae
1410 926 1562 993 historias

84 1033 169 1100 osuit
178 1055 264 1118 crgo,
277 1035 359 1100 sicut
368 1033 537 1118 Euripides
547 1035 602 1111 eit,
618 1033 809 1118 Aethiopum
862 1034 1020 1099 dixerunt.
1062 1034 1143 1100 huno
1165 1039 1272 1100 eutem
1294 1035 1442 1100 Perseum
1465 1055 1486 1099 a
1507 1043 1607 1118 pet

107 1161 174 1218 rex,
189 1141 410 1206 Andromedae
423 1147 524 1225 peter,
539 1141 594 1225 qui
608 1138 706 1206 filiam
720 1161 810 1205 suem
863 1141 962 1205 riculo
985 1140 1154 1206 liberatam
1176 1161 1306 1206 uxorem
1329 1140 1465 1206 duxisse.
1501 1138 1562 1204 ita·

106 1247 149 1312 ed
185 1253 291 1314 cetum
328 1249 445 1314 dicitur
480 1247 677 1332 adposuisse,
714 1268 808 1330 quum
862 1268 923 1329 quc
955 1253 991 1312 ut
1018 1254 1120 1314 totum
1147 1269 1245 1332 genus
1273 1268 1381 1312 eorum
1407 1251 1562 1330 perpetuo

108 1355 242 1420 Perseus
274 1354 415 1419 salvavit.
469 1375 528 1438 per
559 1375 654 1436 quum
681 1359 713 1418 et
741 1355 807 1438 ipse
862 1359 1014 1430 muneret,
1038 1355 1140 1438 ipsum
1158 1374 1283 1438 quoque
1301 1353 1462 1436 Cepheum
1479 1353 1563 1416 inter

109 1463 190 1526 inter
213 1467 301 1526 astra
323 1461 504 1526 conlocutus
527 1467 582 1525 est.
863 1460 969 1524 sidere
991 1459 1170 1546 superiores
1192 1481 1380 1526 numerasse.

352 1885 521 1954 emm
1185 1884 1278 1949 ms

152 1991 259 2058 Habet
276 1992 405 2075 quidem
419 1992 527 2058 stellas
541 1991 574 2056 in
588 1992 690 2074 cupito
705 1990 809 2074 splen·
906 1991 969 2056 Hic
987 1995 1093 2056 autem
1110 1991 1208 2056 hebet
1226 1993 1258 2054 in
1278 1991 1381 2074 cupite
1399 1990 1508 2056 stelles
1521 1989 1563 2067 11,

68 2107 99 2160 15
107 2099 200 2164 didus
228 2099 320 2176 dues,
352 2101 386 2163 in
413 2099 526 2164 dextre
553 2119 648 2163 mauu
674 2097 809 2162 nitidum
863 2097 897 2161 in
919 2119 1014 2163 menu
1038 2097 1150 2162 dextra
1172 2096 1196 2174 1,
1220 2099 1296 2162 item
1318 2096 1352 2160 in
1375 2095 1482 2162 cubito
1505 2096 1561 2162 on
1573 2105 1607 2158 15

110 2226 216 2282 unam,
236 2205 269 2268 in
287 2225 477 2289 unoquoque
494 2225 604 2270 umero
622 2201 810 2283 unum,***
863 2204 1031 2281 scuraml,
1057 2205 1090 2269 in
1117 2203 1247 2268 sinistre
1272 2223 1368 2268 manu
1396 2207 1428 2268 et
1455 2223 1563 2267 umero

109 2311 142 2376 in
164 2333 245 2378 zone
267 2318 332 2377 tres
360 2333 399 2376 ex
421 2317 614 2386 transverso,
641 2311 675 2375 in
698 2310 809 2376 dextro
863 2311 1016 2394 singulas,
1043 2311 1077 2374 in
1104 2310 1215 2375 dextro
1242 2309 1397 2385 umer013
1424 2309 1563 2385 insons,

108 2415 299 2484 iu0**v11.
331 2417 384 2484 hic
405 2425 511 2484 eutem
534 2419 568 2482 in
587 2415 810 2500 septentrionis
863 2437 944 2500 queo
971 2415 1111 2481 modium
1133 2416 1200 2482 eius
1222 2415 1337 2482 dividit
1360 2437 1486 2501 corpus,
1514 2414 1562 2480 III

108 2524 262 2590 incisione
285 2525 476 2590 constitutus
500 2529 547 2588 est
570 2522 809 2588 intermedium
863 2524 973 2589 stellae
991 2523 1095 2587 clares
1115 2522 1270 2598 videntur,
1289 2523 1321 2587 in
1336 2522 1435 2588 latere
1449 2523 1563 2588 dextro

66 2631 365 2713 toseptentrionalis
379 2630 487 2695 circuli
503 2637 535 2694 et
549 2631 660 2696 aestivi
670 2630 808 2694 solstitii.
863 2629 997 2695 obscura
1015 2629 1040 2705 Ι,
1058 2628 1091 2692 in
1109 2627 1236 2693 sinistro
1255 2635 1337 2711 genu
1357 2627 1397 2706 II,
1415 2628 1449 2693 in
1467 2629 1607 2692 utris-20

863 2757 924 2818 que
932 2735 1066 2819 pedibus
1076 2735 1227 2817 singulae,
1240 2735 1442 2818 snprspedcs
1451 2733 1562 2828 stelles

863 2841 935 2905 1111.
981 2841 1034 2906 hic
1060 2845 1147 2907 totus
1174 2843 1301 2907 omnino
1328 2841 1491 2907 stellarum
1514 2846 1563 2905 est

152 3265 275 3350 (Habet
306 3258 441 3352 Κηφεύς
478 3265 606 3348 quidem
637 3265 745 3329 stelles
777 3263 809 3327 in

109 3374 212 3458 cupite
253 3371 435 3456 splendidus
475 3372 569 3448 duas,
610 3372 643 3435 in
679 3369 810 3454 singulis

108 3480 225 3546 umeris
257 3477 410 3562 singulas,
441 3477 475 3541 in
502 3477 634 3560 singulis
665 3475 811 3540 munibus

109 3587 211 3652 claras
239 3585 379 3670 singulas
406 3578 586 3670 [Κηφεύς],
619 3584 651 3646 in
679 3581 810 3664 singulis

68 3694 225 3758 accubitis
248 3691 398 3758 obscurus
421 3691 570 3774 singulas,
593 3693 626 3754 in
648 3709 727 3754 zona
744 3693 810 3752 tres

109 3798 298 3884 obliquatas,
316 3798 350 3863 in
367 3797 481 3863 dextre
498 3795 614 3874 coxal,
632 3796 666 3860 in
681 3794 809 3860 sinistro

108 3927 192 3989 genu
215 3905 260 3982 II,
283 3925 379 3988 supra
401 3903 499 3987 pedes
522 3908 682 3987 quattuor,
705 3901 738 3965 in
761 3899 810 3964 ul-

108 4013 186 4078 timo
210 4011 291 4094 pede
313 4011 336 4076 L
381 4008 463 4074 fiunt
485 4029 592 4073 omnes
615 4003 766 4092 XVHII.)

99 4221 213 4275 equam
232 4205 337 4274 scripsi.
358 4218 437 4272 quem
460 4201 493 4256 θ.
565 4219 592 4258 rc
606 4201 739 4256 lanceam
756 4202 812 4272 sip·
898 4199 1092 4258 smonstruvit
1109 4199 1144 4254 R.
1165 4197 1362 4254 demonstravit
1380 4198 1418 4251 D.
1514 4215 1607 4268 spro-

67 4297 138 4349 caci.
234 4310 268 4349 ιτ.
279 4309 304 4349 rs
314 4292 343 4348 in
353 4293 450 4347 dextro
460 4290 509 4346 ilio
519 4291 624 4359 scripsi.
644 4290 810 4346 indestrum
863 4290 994 4360 positum:
1013 4288 1130 4357 positum
1155 4287 1185 4342 V.
1257 4301 1375 4343 suom.
1399 4285 1429 4341 V.
1449 4303 1465 4341 s
1483 4287 1608 4356 periculo

68 4382 143 4437 ilium
163 4382 196 4438 G.
224 4399 289 4436 mcc
306 4382 440 4435 lacrmcm
458 4379 575 4450 specui.
595 4379 648 4435 VII
665 4378 752 4444 fuisse
770 4381 810 4434 ui·
862 4378 932 4432 inlr
946 4378 1129 4432 crecentiore
1138 4393 1226 4430 mauu
1236 4375 1372 4430 additum.
1445 4375 1608 4446 scepheum

69 4471 146 4526 detur
156 4471 243 4527 XVII.
263 4485 336 4538 quar
349 4470 473 4544 onmium
486 4469 628 4523 stellarum
642 4473 681 4522 cst
694 4484 810 4522 summa.
864 4467 898 4521 R.
937 4468 1048 4535 Cephea
1067 4465 1127 4520 VD.
1182 4482 1270 4522 rs—ss
1284 4465 1409 4519 Alterius
1427 4465 1513 4520 cubiti
1529 4465 1609 4519 detto

68 4577 152 4618 re-ss
163 4560 303 4628 adempsi
315 4559 545 4628 conputationem
554 4572 588 4610 ec
598 4555 627 4623 S,
638 4573 710 4624 quae
719 4559 811 4611 nmcio
864 4557 965 4610 cuim
980 4555 1098 4624 stupetis
1107 4553 1227 4624 pedride
1240 4553 1368 4623 copulae
1376 4551 1471 4607 stellae
1480 4553 1608 4608 tribuun-

69 4665 120 4716 quo
138 4647 219 4703 modo
241 4663 330 4714 neque
353 4663 415 4702 cum
432 4645 488 4699 BP
503 4661 592 4712 neque
614 4661 676 4699 cum
697 4645 723 4700 G
746 4661 810 4699 rou-
863 4652 925 4712 tum
949 4659 1034 4712 quam
1057 4638 1274 4712 discrepantium
1292 4658 1323 4696 eo
1342 4647 1431 4696 ortam
1450 4643 1608 4711 essesusps'-

68 4739 155 4806 sentit,
173 4736 221 4791 sed
238 4735 386 4804 Epitcmce
403 4734 543 4789 simillima
561 4740 607 4788 est.
649 4750 675 4790 ss
696 4729 811 4801 Κηφεύς
864 4739 947 4787 catur
969 4731 1168 4800 Kiecslinpius,
1192 4731 1267 4798 quod
1284 4729 1416 4800 Hypium
1438 4731 1609 4799 incompto

70 4825 176 4880 seclusit
192 4828 219 4898 β.
238 4825 269 4878 iu
286 4823 356 4878 istro
374 4824 507 4891 scriptum
526 4829 564 4877 est
585 4817 706 4891 Βηφεῦς.
864 4818 911 4876 ἐπὶ
926 4816 1012 4885 ποδὸς
1027 4816 1166 4890 ἑκατέρου
1175 4835 1230 4887 pro
1245 4814 1292 4872 ἐπὶ
1306 4814 1393 4882 ποδὸς
1402 4810 1492 4888 ἄκρου
1506 4819 1608 4890 deperit.
