3906 5800
208 439 310 494 Senon
331 439 420 496 (ineu,
443 440 474 494 G.
494 457 519 510 p.
543 441 600 504 129,
621 441 660 496 14.

147 1643 235 1708 Sunt
247 1653 354 1710 antem
363 1645 474 1710 stellae
483 1668 545 1711 nen
560 1647 693 1712 multum
703 1649 804 1732 splen-

101 1751 196 1816 doris
223 1751 374 1818 habentes
403 1774 503 1836 neque
531 1777 551 1818 a
577 1777 609 1820 se
637 1755 805 1838 plurimum

101 1857 276 1937 distantes,
297 1861 331 1924 in
350 1882 482 1944 quarum
506 1857 608 1928 medie
628 1863 659 1926 in
678 1863 804 1928 modum

17 1995 18 2006 2
102 1970 267 2052 praesepis
304 1969 468 2034 stellarum
504 1971 632 2054 quidam
668 1969 805 2036 ambitus

61 2082 92 2132 15
102 2080 161 2139 est.
202 2076 249 2139 eui
270 2076 342 2141 illae
360 2078 558 2160 praeminent
576 2101 638 2143 utra
656 2077 697 2144 ab
715 2081 805 2160 aqui·

103 2180 193 2260 lene,
224 2183 326 2248 altera
357 2183 398 2248 ab
426 2191 542 2250 austra
585 2185 805 2250 autumabant

103 2295 213 2356 antem
239 2291 365 2356 eosdem
392 2293 496 2356 asinos
519 2294 651 2376 gentiles
675 2295 805 2358 deorum

104 2418 233 2462 suurmn
252 2398 384 2482 Dionysi
403 2399 562 2477 videlieet,
585 2401 640 2483 qui
659 2400 805 2465 ethilier

106 2511 211 2586 pater,
233 2513 265 2570 et
288 2507 419 2571 Vulcani
443 2507 508 2571 sive
526 2507 624 2572 Satiri
645 2507 803 2572 vehiculus

66 2611 217 2689 altnae,
240 2614 355 2696 quibus
378 2614 515 2680 ascensis
539 2635 608 2679 cum
627 2621 737 2680 eerrtra
754 2615 803 2699 gi-

106 2726 217 2800 gantes
248 2721 290 2786 ad
318 2720 436 2786 bellum
463 2721 670 2804 procederent
697 2728 730 2787 et
756 2723 804 2786 illi

106 2828 243 2893 naturali
266 2827 333 2892 zelo
354 2831 474 2894 accensi
494 2829 560 2894 vise
578 2829 716 2894 tumultu
734 2829 804 2894 dire

107 2956 177 2999 enm
191 2957 349 3000 murmure
363 2936 529 3018 rngissent‚
543 2937 686 3020 gigantes
695 2958 804 3001 eurum

1107 444 1236 499 Haemus
1256 445 1291 508 Π,
1310 445 1352 498 23.

902 1647 1027 1712 Dicitur
1045 1647 1139 1711 etiam
1158 1647 1221 1711 alia
1234 1647 1367 1714 historia
1380 1649 1419 1714 de
1433 1645 1555 1723 Asellis,

857 1760 893 1820 ut
916 1756 963 1819 ait
985 1753 1220 1819 Eratosthenes.
1257 1777 1320 1838 qno
1344 1762 1484 1839 tempere
1502 1753 1554 1818 Iu-

857 1862 941 1946 piter
968 1861 1050 1926 belle
1078 1861 1259 1948 gigantibus
1286 1862 1405 1926 indicte
1433 1862 1474 1927 ad
1502 1884 1554 1928 eos

858 1971 1083 2052 oppugnandos
1117 1991 1225 2035 omnes
1257 1969 1331 2034 deos
1363 1971 1554 2048 eonveeavit,

858 2077 978 2140 venisse
1015 2073 1164 2142 Liberum
1199 2083 1334 2161 patrem,
1372 2077 1554 2153 Vulcanum,
1567 2087 1598 2140 15

858 2183 997 2267 Satyros,
1015 2183 1137 2250 Silenos
1151 2184 1255 2250 asellis
1270 2189 1383 2249 vectos.
1411 2184 1464 2267 qui
1483 2207 1554 2250 eum

858 2312 920 2354 non
939 2291 1030 2376 lenge
1049 2291 1089 2356 ab
1108 2291 1251 2357 hostibus
1270 2291 1424 2368 abessent,
1445 2293 1554 2357 dieun-

859 2402 910 2460 tnr
924 2399 1013 2462 aselli
1028 2401 1226 2482 pertimuisse
1241 2405 1274 2464 et
1287 2398 1334 2463 ita
1347 2421 1404 2482 pre
1420 2421 1452 2464 se
1467 2401 1553 2483 qnis-

858 2527 918 2588 que
945 2527 1093 2588 magnum
1121 2507 1286 2602 clamorem
1318 2510 1350 2571 et
1378 2508 1554 2572 inauditum

858 2613 1037 2696 gigantibus
1057 2613 1174 2690 fecisse,
1199 2619 1234 2678 ut
1252 2636 1358 2678 omnes
1376 2613 1484 2678 hostes
1503 2624 1599 2679 eo·‘20

857 2743 926 2786 rum
954 2722 1089 2786 elamore
1117 2722 1149 2784 in
1175 2719 1282 2806 fugam
1310 2743 1342 2786 se
1365 2720 1555 2787 mnieeerint

858 2836 890 2892 et
909 2828 955 2893 ita
973 2829 1037 2893 sint
1055 2829 1203 2912 superati.

106 3044 212 3126 rugitu
236 3043 397 3126 perterriti
416 3044 623 3127 eerrpendium
642 3043 803 3128 sugae'ar-
886 3107 888 3114 .

69 3155 97 3204 at
108 3148 270 3231 illiberim,
285 3157 316 3214 et
330 3150 495 3215 confertim
509 3150 554 3216 dii
569 3152 608 3216 de
622 3151 804 3234 gigantibus

106 3256 380 3340 triumphaverint,
399 3263 431 3322 et
449 3257 566 3358 ideireo
586 3281 639 3324 ees
656 3280 804 3323 unacum

109 3365 249 3448 praesepi
273 3387 329 3430 sue
354 3367 435 3430 inter
457 3373 544 3430 astra
566 3365 803 3430 euuleeaverint.
903 3441 907 3449 Ι

112 3470 187 3534 lulis
206 3473 330 3554 quietem
349 3473 451 3536 entim
469 3473 634 3554 prutilium
648 3474 802 3550 socordia,

113 3578 168 3658 pul
190 3579 261 3642 dees
284 3601 357 3644 sues
379 3601 443 3644 eron
463 3581 608 3660 propriis
626 3580 725 3643 uernis
749 3602 804 3644 nee

72 3691 100 3738 tu
112 3685 234 3762 uiribus,
254 3687 309 3750 sea
323 3687 488 3751 asinorum
501 3687 658 3769 rupitibns
672 3688 803 3768 adeptos

110 3791 204 3867 titisse
223 3793 439 3873 emerebantur
457 3795 630 3860 aimerici-m.

103 4199 198 4253 resine
218 4201 281 4272 lepit
301 4195 318 4270 p*
333 4219 387 4270 pro
406 4205 463 4258 καὶ,
562 4221 587 4260 aa
606 4205 663 4259 riso
683 4205 800 4260 tumultu

16 4333 17 4372 1
73 4293 116 4338 vic,
133 4305 276 4360 perperam
295 4294 335 4345 ita
353 4293 443 4348 reddit
463 4288 635 4364 ἑωραμένων
653 4313 677 4348 κ.
699 4313 721 4347 τ.
741 4297 764 4348 λ.

935 4202 1231 4257 rnsnn0n1n2eascr.
1253 4202 1339 4271 Mplb.
1366 4201 1426 4255 Vnt.
1447 4201 1467 4255 Ι
1483 4204 1523 4254 11.

891 4309 915 4346 u
935 4291 1094 4346 convocavit
1113 4291 1202 4346 BPM
1211 4293 1253 4346 ¹R.
1291 4279 1468 4346 convocasset
1488 4289 1572 4346 ΜΨ.
