3920 5806
214 451 315 504 5⁰⁸⁰&
335 449 427 504 Gffl·
448 449 479 503 G·
500 467 525 518 p.
547 449 606 512 178,
627 451 667 502 14·
1094 450 1222 504 llrursus
1242 451 1276 514 ΙΙ,
1296 452 1337 504 38.
1543 447 1612 518 185⁸

160 627 334 694 Centaurus
361 625 478 692 dicitur
509 625 605 692 luisse
632 625 750 693 Chiron
778 632 811 692 et
908 627 969 692 Hic
996 628 1125 693 dicitur·
1140 627 1266 694 nomine
1290 627 1407 694 Chiron
1432 627 1561 694 Saturni
1656 627 1712 682 XL

115 733 274 800 habitasse
297 734 330 798 in
353 734 486 800 stabulis
509 741 542 799 et
564 739 699 800 sectasse
718 735 810 800 iusti·
864 738 897 798 et
918 733 1066 818 Philyrae
1088 733 1173 800 filius
1196 755 1277 814 esse,
1304 736 1358 820 qui
1381 757 1444 801 nou
1466 737 1560 802 modo
1607 715 1765 772 cellam

116 841 190 906 tiam
213 845 255 918 et,
278 842 428 924 quoniam
451 842 629 926 Asclepium
650 847 684 907 et
701 841 810 907 Achil·
864 846 985 907 ceteros
999 838 1183 918 Centauros,
1201 844 1257 909 sed
1275 843 1418 910 homines
1437 865 1561 928 quoque

116 948 174 1013 lem
200 949 364 1026 nutrierit,
395 949 479 1014 inter
509 954 596 1014 astra
623 949 816 1030 conlocatus„
864 948 1561 1035 iustitiusuperasse‚Aesculapiumetrlchil-

24 1046 25 1050 ’
93 1055 320 1120 cnutisthenes
356 1063 463 1122 autem
499 1057 578 1122 dicit
614 1079 630 1122 e
661 1055 812 1141 pharetra
863 1057 926 1120 lem
943 1056 1080 1122 nunisse
1099 1055 1306 1122 existimatur.
1325 1059 1445 1140 pietate
1463 1057 1606 1140 igitur5

26 1182 30 1226 i
115 1163 259 1230 Herculis
286 1163 407 1248 lapsam
433 1165 581 1247 sagittam
609 1165 722 1248 pedem
745 1164 811 1229 eius
865 1168 897 1228 ct
919 1161 1085 1246 diligentia
1107 1162 1219 1240 effecit,
1242 1169 1278 1228 ut
1299 1165 1382 1230 inter
1400 1171 1487 1230 astra
1503 1185 1562 1229 nu·

116 1270 295 1336 vulnerasse
318 1277 510 1354 acceptoque
528 1271 656 1337 unlnere
674 1271 812 1336 animam
864 1276 1047 1336 metaretur.
1079 1271 1164 1356 apud
1196 1269 1281 1336 hunc
1306 1270 1459 1336 Hercules
1492 1293 1563 1338 cum

28 1434 31 1443 .
115 1375 277 1444 exhalasse
300 1357 395 1443 et'cb
417 1378 477 1443 hoc
494 1399 515 1444 a
532 1377 605 1444 love
624 1377 708 1444 inter
725 1383 813 1444 astra
864 1378 1081 1444 deverteretur
1102 1383 1135 1442 et
1157 1377 1250 1442 simul
1267 1399 1337 1443 cum
1356 1377 1492 1444 Chirone
1511 1399 1561 1444 se·

115 1484 310 1550 conlocatum
332 1505 408 1550 esse.
431 1489 480 1550 est
503 1491 611 1550 autem
628 1486 752 1572 signum
770 1485 811 1550 ad
864 1486 942 1550 dens
963 1485 1101 1568 saqittus
1123 1485 1352 1564 cmsidercrcl,
1375 1483 1477 1550 fertur
1499 1506 1563 1551 uua

79 1600 106 1653 10
114 1591 296 1674 adspectum
320 1592 463 1670 sacrarii,
485 1593 569 1658 uude
592 1599 624 1658 at
646 1593 679 1658 in
702 1594 811 1659 ecdem
865 1613 971 1658 aarum
994 1591 1150 1658 decidisse
1170 1613 1267 1676 supra
1283 1593 1397 1678 pedem
1416 1593 1562 1660 Chironis
1572 1602 1606 1657 10

26 1709 30 1751 ἰ
116 1697 252 1764 sacrario
282 1698 458 1766 sacrificare
479 1721 499 1766 a
522 1699 692 1785 gentilibus
718 1708 811 1784 puta
865 1705 897 1764 et
915 1699 961 1765 ita
980 1719 1050 1765 cum
1069 1697 1265 1765 interfecisse
1287 1749 1400 1766 .....
1423 1720 1562 1785 proque

115 1805 215 1870 batur.
864 1828 898 1872 re
925 1807 1047 1898 lupiter
1079 1806 1145 1872 eius
1173 1806 1319 1871 misertus
1346 1806 1431 1872 inter
1457 1806 1563 1872 sidera

864 1935 935 1978 cum
954 1913 1120 1980 constituit
1138 1935 1208 1979 cum
1227 1913 1340 1991 hostia,
1359 1935 1455 1998 quam
1467 1935 1563 1997 supra

865 2019 962 2088 Aram
984 2027 1093 2088 tenens
1116 2021 1277 2088 immolare
1300 2019 1433 2086 ridetur.

111 2961 121 2996 s
140 2943 166 2998 iu
185 2945 302 3000 stabulis
324 2947 388 3015 lecit
407 2943 496 3019 ἐντῷ
516 2947 655 3020 σπηλαίῳ,
680 2953 712 3002 ut
729 2948 809 3002 schol.
1108 2947 1158 3001 XL
1177 2947 1368 3003 Tssrrucnrn.

82 3032 154 3086 lrat.
190 3035 258 3090 usit
273 3041 336 3102 post
354 3036 511 3091 conlocatus
533 3035 566 3090 G.
586 3035 636 3090 dcl.
655 3039 682 3108 β.
900 3035 974 3090 Secu.
1007 3036 1076 3091 Aca.
1105 3036 1185 3090 VIII
1209 3040 1274 3090 294.
1325 3037 1440 3092 laicam
1466 3041 1604 3091 commeat.

863 3125 942 3180 Rern
964 3125 1008 3180 VI
1022 3128 1088 3180 386.
