3920 5806
1575 411 1639 476 233

67 604 176 667 quae
207 607 278 650 cum
302 586 341 652 de
364 585 495 672 Polyido
518 585 649 652 Ovidius
672 585 818 664 dixisset,
845 586 988 672 Hyginus
1011 592 1068 653 aut
1090 588 1156 654 eius
1179 589 1402 674 interpolator,
1428 594 1465 654 ut
1487 587 1640 655 Merkelio

66 689 205 758 visum
234 697 297 771 est,
327 694 369 760 ad
396 693 615 778 Aesculapium
646 712 813 780 perperam
844 695 976 760 rettulit
1008 700 1042 761 51
1074 695 1210 779 primum
1241 697 1318 762 haec
1349 695 1468 780 Hygini
1498 700 1640 763 narratio

67 798 224 884 seiungi
246 802 357 884 nequit
380 822 400 866 a
420 799 538 878 verbis,
562 821 643 886 quae
665 799 705 868 ab
728 801 939 868 Eratosthene
961 802 1065 868 aliena
1087 803 1347 870 Eratosthenicae
1369 804 1577 890 disputationi
1598 805 1640 872 ab

68 906 159 990 ipso
187 907 315 993 Hygino
334 907 462 975 aliunde
484 909 626 974 admixta
648 915 737 976 suut:
760 907 911 975 55555111
933 907 1093 976 Glaucam
1110 910 1234 976 ddiooc's
1255 909 1361 991 fibrina
1382 912 1450 977 cius
1473 932 1570 994 55555
1591 933 1640 978 re·

69 1013 218 1080 vaisse
240 1015 398 1082 11551551.
430 1015 545 1082 deinde
571 1017 680 1082 insunt
702 1017 736 1082 in
758 1017 819 1082 hac
840 1014 949 1082 fabula
970 1017 1123 1083 nonnulla
1145 1036 1247 1101 neque
1268 1017 1325 1084 illa
1342 1017 1484 1102 profecto
1502 1020 1641 1104 inlepide

66 1227 123 1294 ad
150 1227 343 1315 Aesculapii
365 1229 514 1297 baculum
536 1232 722 1316 adrcpsisse.
754 1231 889 1315 denique
910 1252 975 1298 non
998 1231 1083 1315 apud
1105 1253 1203 1296 unum
1220 1232 1388 1317 Hyginum,
1411 1234 1467 1300 sed
1489 1234 1539 1302 vel
1556 1235 1642 1319 apud

68 1357 232 1419 graecos
254 1343 398 1406 auctores
421 1338 639 1423 Aesculapius,
666 1359 730 1404 non
752 1338 916 1423 Polyidus,
939 1338 1060 1404 Glauco
1083 1339 1181 1404 vitam
1203 1339 1378 1406 reddidisse
1400 1340 1531 1418 dicitur,
1553 1343 1641 1408 onius

67 1443 228 1510 fabulae
259 1451 369 1511 auctor
400 1445 441 1512 ab
472 1445 665 1530 Apollodoro
697 1445 745 1510 111
779 1446 883 1524 10,3,
909 1446 950 1512 10
982 1444 1195 1530 Melesegoras
1226 1447 1381 1530 proditur.
1421 1447 1529 1531 itaque
1560 1447 1642 1514 hanc

71 1551 241 1619 fabulam
262 1575 326 1620 non
349 1573 388 1619 ex
411 1553 533 1631 Ouidio,
555 1555 611 1620 sed
634 1574 672 1619 ex
695 1551 927 1638 mythographo
949 1554 1056 1640 aliquo
1079 1574 1193 1636 graeco
1215 1552 1341 1638 Hygino
1364 1555 1522 1639 cognitam
1543 1552 1641 1622 fuisso

72 1665 214 1726 statuo.

187 1765 309 1834 Multae
332 1789 407 1834 sane
430 1773 553 1834 restant
575 1769 781 1846 narrationes,
805 1787 885 1852 quae
903 1767 987 1834 unde
1005 1767 1124 1852 petitae
1142 1769 1215 1846 sint,
1237 1789 1365 1852 prorsus
1384 1767 1500 1835 inscius
1517 1769 1641 1838 haereo.

75 1881 172 1940 sunt
195 1880 303 1942 autem
326 1895 382 1940 555
404 1876 587 1960 praecipue,
614 1895 695 1960 quae
724 1897 794 1940 oum
822 1876 961 1940 siderum
987 1873 1195 1959 explicatione
1222 1897 1287 1942 non
1314 1875 1517 1954 cohaereant,
1543 1877 1641 1943 veluti

77 1981 233 2048 Veneris
261 1985 293 2046 et
320 1981 528 2067 Proserpinae
555 1983 596 2048 de
619 1982 764 2048 Adonide
790 1981 861 2047 rixa
882 1981 943 2047 VH
965 2004 995 2065 p.
1019 1982 1072 2060 44,
1090 1981 1120 2060 5,
1144 1981 1291 2068 Cecropis
1317 1981 1455 2048 filiarum
1481 1984 1582 2050 scelus
1609 1989 1642 2049 et

79 2109 203 2174 poena
225 2087 305 2154 Xlll
327 2112 356 2174 p.
380 2090 432 2168 47,
453 2089 591 2156 15-521
622 2089 675 2176 (cf.
697 2089 774 2155 Fab.
800 2089 893 2176 166),
921 2089 1021 2154 Arion
1043 2111 1064 2154 a
1086 2089 1235 2174 delphino
1258 2094 1400 2155 servatus
1421 2089 1515 2156 XVII
1536 2113 1567 2174 p.
1590 2090 1642 2168 57,

83 2199 130 2260 11
149 2235 195 2245 -
212 2195 304 2274 58,4
328 2195 381 2284 (51.
403 2195 480 2262 Fab.
506 2197 598 2281 194),
624 2198 760 2281 denique
787 2217 866 2281 quae
888 2197 922 2260 iu
949 2195 1045 2261 lcarii
1068 2195 1127 2283 (IV
1149 2218 1180 2280 p.
1204 2196 1355 2274 35,125.
1382 2195 1500 2263 051551.
1529 2197 1641 2282 fragm.

81 2325 117 2388 p.
141 2305 189 2370 75
201 2342 242 2353 -
254 2303 311 2389 81)
331 2310 364 2369 51
382 2303 498 2388 Orphei
518 2303 594 2392 (VII
612 2327 641 2389 p.
661 2303 713 2381 42,
732 2304 775 2368 24
788 2304 891 2380 -43,
912 2301 961 2367 15.
991 2302 1108 2370 051551.
1127 2303 1236 2387 fragia
1256 2326 1285 2389 p.
1308 2303 1380 2382 139,
1401 2303 1479 2393 141)
1496 2304 1640 2372 historiis

82 2411 133 2475 ad
156 2411 381 2478 Eratosthenis
399 2411 613 2478 narrationem
635 2409 889 2495 amplificandam
913 2410 1188 2496 exercendamque
1206 2410 1316 2476 addita
1335 2417 1417 2476 sunt.
1439 2410 1518 2476 haec
1537 2413 1642 2478 51111115

84 2524 204 2584 11111111
234 2539 273 2585 ex
299 2539 362 2584 uno
390 2538 511 2595 eorum,
539 2540 616 2601 quos
645 2539 742 2603 supra
769 2517 919 2595 indicavi,
946 2521 1111 2584 auctorum
1138 2539 1180 2584 an
1202 2518 1331 2584 aliunde
1358 2517 1476 2585 habeat
1498 2517 1641 2604 Hyginus

85 2625 274 2692 diiudicare
301 2646 498 2712 nequaquam
525 2627 634 2691 ausim.
684 2628 723 2692 de
752 2625 875 2691 duabus
903 2629 1009 2692 tamen
1036 2625 1178 2692 historiis
1206 2625 1323 2704 habeo,
1355 2625 1441 2709 quod
1467 2631 1642 2691 memoratu

87 2733 230 2818 dignum
262 2731 414 2798 videatur.
446 2753 521 2799 narn
553 2732 691 2817 Meropis
722 2729 959 2816 transfiguratio
992 2731 1068 2797 XVI
1099 2755 1128 2817 p.
1153 2732 1448 2810 55,17-56‚2
1481 2734 1577 2798 etiam
1608 2734 1642 2798 in

89 2839 304 2916 Victoriarum,
326 2861 406 2925 quae
428 2862 513 2906 nunc
536 2840 745 2924 Townleyana
767 2840 884 2906 rectius
907 2846 1068 2918 vocantur,
1090 2840 1202 2906 Iliadis
1225 2839 1351 2906 scholiis
1374 2845 1524 2905 narratur
1547 2839 1588 2906 ad
1611 2843 1642 2904 Ω

88 2947 179 3012 2931
209 2936 262 3011 ὅτι
285 2946 406 3032 Μέροψ
429 2939 447 3013 ὃ
471 2950 570 3033 Κῷος
594 2939 774 3024 ἀπαύστως
798 2943 935 3012 ἐπένθει
962 2938 1025 3034 τὴν
1052 2961 1209 3032 γυναῖκα·
1243 2947 1373 3028 ξενίσας
1402 2946 1437 3012 δὲ
1464 2935 1526 3032 τὴν
1549 2939 1641 3012 Ῥέαν

87 3048 287 3141 μετεβλήθη
315 3055 373 3120 καὶ
401 3052 627 3140 συμπάρεστιν
655 3048 707 3120 ciel
733 3062 783 3141 τῷ
811 3054 870 3119 Διί.
904 3055 981 3120 haec
1008 3054 1126 3140 Hygini
1154 3055 1330 3121 narrationi
1363 3055 1410 3120 ita
1440 3056 1642 3138 respondent,

88 3169 131 3228 ut
162 3161 268 3226 nullus
296 3161 451 3237 dubitem,
484 3163 559 3247 quin
587 3183 626 3227 ex
654 3161 765 3227 codem
791 3162 879 3228 fonte
906 3160 1068 3239 fluxerint,
1095 3161 1157 3228 nisi
1184 3163 1268 3245 quod
1295 3161 1439 3247 Hyginus
1466 3177 1525 3246 pro
1548 3153 1642 3228 Ῥέαν

90 3270 212 3353 legisse
239 3268 365 3334 videtur
385 3259 495 3354 Ἦραν.
529 3269 590 3336 hoc
616 3273 722 3334 antem
745 3275 778 3334 et
801 3290 908 3335 varum
934 3270 1073 3347 videtur,
1100 3291 1171 3350 cum
1197 3269 1293 3335 fidem
1320 3269 1461 3353 coniugis
1484 3269 1641 3334 honorare

91 3378 252 3442 Iunonem
275 3377 367 3442 unice
391 3377 513 3453 deceat,
541 3382 573 3441 et
596 3376 629 3442 in
652 3377 779 3442 scholiis
802 3376 993 3443 Victorianis
1020 3377 1251 3442 restItuendum
1278 3381 1334 3442 est.
1366 3381 1533 3460 praeterea
1554 3397 1641 3442 scru-

92 3484 208 3568 pulum
235 3489 340 3548 moret
367 3483 577 3567 Diognetus
604 3482 852 3568 Erythraeus,
879 3485 934 3568 qui
961 3486 1075 3549 miram
1102 3485 1241 3569 aliquam
1268 3484 1307 3549 de
1330 3483 1473 3550 Piscibus
1501 3483 1642 3550 fabulam

91 3591 275 3678 prodidisse
302 3589 431 3669 dicitur,
458 3590 610 3657 Dercetus
637 3591 789 3658 historiae
816 3591 993 3677 gemeHam3
1019 3613 1093 3658 narn
1115 3591 1271 3658 Venerem
1297 3597 1330 3656 51
1357 3590 1545 3676 Cupidinem
1571 3613 1642 3658 cnm

94 3699 282 3785 Typhonem
304 3696 460 3780 fugissent
482 3699 515 3764 in
534 3698 730 3784 Euphratem
752 3721 786 3765 se
809 3700 978 3784 proiecisse
1002 3705 1034 3764 et
1056 3701 1157 3784 pisces
1180 3699 1281 3764 factos
1300 3721 1367 3765 5555
1385 3703 1534 3764 narratur
1551 3699 1641 3764 XXX

94 3831 127 3892 p.
148 3807 200 3884 70,
222 3807 261 3872 18
282 3843 324 3854 -
344 3804 395 3882 71,
417 3806 448 3884 1;
473 3827 554 3891 quae
576 3805 686 3872 eadem
709 3805 818 3872 sabula
840 3806 908 3872 sine
930 3806 1027 3873 dubio
1050 3827 1089 3873 ex
1111 3807 1222 3872 eodem
1244 3806 1332 3871 fonte
1354 3805 1469 3871 hausta
1493 3807 1641 3872 5115111111

97 3913 205 3980 Ovidii
228 3911 319 3978 fastis
342 3913 476 3979 recurrit
498 3911 734 3978 11459-474.
758 3914 813 3979 sed
837 3913 907 3999 quis
929 3914 1058 3980 obsecro
1082 3919 1130 3980 551
1152 3914 1212 3979 1515
1231 3914 1406 3998 Diognetus
1423 3912 1640 3997 Erythraeus?

96 4021 227 4086 fuerunt
250 4022 306 4104 qni
330 4021 369 4086 de
388 4019 546 4104 Diogneto
564 4020 738 4086 Alexandri
761 4020 869 4104 Magni
891 4024 1074 4109 βηματιστῇ
1097 4022 1283 4105 cogitarent,
1306 4021 1361 4103 qui
1384 4019 1480 4087 semel
1499 4041 1519 4085 a
1536 4019 1640 4084 Plinio

98 4132 361 4194 commemoratur
384 4126 429 4191 VI
453 4126 504 4194 61.
532 4126 571 4192 cf.
595 4127 628 4193 C.
651 4127 766 4193 MiiHer
794 4126 906 4213 Script.
939 4151 999 4196 rer.
1027 4127 1116 4193 Alex.
1144 4128 1248 4212 Magn.
1280 4150 1310 4213 p.
1336 4127 1428 4193 1345.
1456 4133 1490 4192 51
1516 4148 1575 4192 nco
1601 4124 1641 4191 de

97 4237 204 4320 patria
225 4233 319 4300 huius
342 4235 492 4319 Diogneti
514 4241 638 4301 constat
660 4257 762 4320 neque
786 4235 937 4302 credibile
964 4242 1012 4302 est
1039 4238 1072 4300 in
1100 4257 1194 4320 opere
1217 4256 1303 4300 mere
1325 4234 1515 4318 geometrico
1537 4233 1641 4298 locum

99 4345 195 4410 luisse
227 4339 350 4407 fabulis.
392 4349 503 4409 contra
534 4343 683 4432 Diogneti
716 4343 885 4428 Erythraei
915 4343 1037 4428 primae
1064 4347 1172 4427 partes
1199 4349 1272 4408 sunt
1299 4343 1332 4408 in
1360 4340 1477 4407 sabella
1504 4341 1640 4425 quadam

99 4451 227 4527 Naxica,
247 4470 327 4534 quae
346 4449 386 4516 ah
407 4450 578 4517 Aristotele
597 4449 814 4534 Theophrasto
833 4449 987 4517 Andrisco
1005 4451 1121 4516 litteris
1138 4450 1290 4515 mandata
1307 4447 1491 4534 Polycrites,
1508 4467 1640 4532 graecae

99 4559 231 4626 alicuius
254 4557 420 4642 Tarpeiae,
446 4558 570 4642 patriae
597 4557 678 4623 male
700 4558 836 4624 amantis
858 4559 983 4642 puellae
1007 4557 1107 4623 fatum
1131 4556 1320 4623 celebrabat.
1352 4554 1390 4635 cf.
1408 4555 1561 4640 Parthen.
1585 4553 1640 4620 IX.

99 4665 257 4732 Plutarch.
289 4665 330 4731 de
361 4663 435 4730 mul.
467 4664 537 4730 virt.
568 4688 598 4752 p.
627 4663 693 4730 254
721 4666 835 4732 c-F.
889 4665 1036 4752 Polyaen.
1064 4664 1141 4730 VIII
1170 4663 1222 4730 36.
1263 4663 1326 4728 iam
1358 4683 1429 4728 cum
1460 4661 1640 4727 memineris

101 4929 170 4984 qnae
190 4914 347 4970 coniectura
371 4929 466 4970 vereor
489 4920 520 4969 ut
538 4919 612 4969 stare
630 4902 730 4983 possit,
755 4929 919 4983 quamquam
944 4931 979 4970 ne
998 4913 1059 4986 ipse
1078 4915 1189 4984 quidem
1209 4913 1339 4970 traditam
1357 4910 1505 4968 lectionem
1523 4915 1572 4966 aut
1591 4925 1639 4966 ex-

101 5005 204 5080 pHcare
223 5003 394 5061 sufficienter
411 5009 460 5059 aut
478 5003 661 5078 probabiliter
679 5017 777 5062 sanare
796 5019 912 5073 possum.
