3920 5806
261 453 360 506 Senon.
381 452 473 506 Genu.
494 453 525 505 G.
545 469 570 520 p.
592 453 650 516 179,
672 455 694 506 l.
1145 453 1275 506 Hrerues
1295 454 1342 516 ΙΙΙ,
1361 454 1404 507 37.
1577 455 1636 518 187

192 629 298 696 Habet
315 630 422 695 stellas
441 631 472 694 in
490 630 593 713 capite
608 629 757 695 obseruas
772 637 845 708 tres,
944 630 1049 696 Habet
1066 636 1172 696 autem
1190 631 1296 696 stellas
1320 654 1415 716 supra
1433 635 1528 716 caput
1546 629 1595 696 ΙΙΙ

151 739 179 802 in
206 738 339 820 singulis
366 737 480 802 umoris
508 737 648 820 singulas
670 737 785 815 claras,
813 738 845 800 in
898 738 1059 814 obscuros,
1087 739 1119 801 in
1147 739 1288 821 utrisque
1315 740 1432 805 umeris
1456 739 1595 822 singulas

150 847 278 910 dextero
301 844 408 910 cubito
431 863 540 921 unam,
563 845 596 909 in
619 845 729 910 eadem
751 865 845 910 manu
898 846 1007 921 claras,
1030 846 1064 908 in
1082 842 1189 911 cubito
1208 845 1335 912 sinistro
1354 845 1378 923 I,
1401 847 1434 910 in
1457 866 1553 910 manu
1572 845 1595 922 Ι,

29 1008 31 1062 3
149 974 255 1029 unam,
295 953 328 1016 in
365 951 468 1016 medio
503 957 630 1035 pectore
667 973 776 1028 unam,
812 953 845 1016 in
897 953 931 1018 in
952 952 1055 1017 medio
1082 957 1210 1036 pectore
1233 953 1347 1035 equino
1370 953 1398 1030 1,
1426 954 1459 1018 in
1480 954 1595 1037 priori-

30 1093 31 1146 s
125 1058 237 1142 aspina
270 1063 427 1143 quattuor,
459 1058 492 1122 in
523 1064 633 1123 ventre
665 1058 852 1143 splendidas·
898 1060 956 1125 bus
974 1057 1147 1144 poplitibus
1165 1058 1312 1142 singulas,
1331 1059 1363 1124 in
1382 1059 1595 1143 interscapilio
1622 1069 1639 1124 5

150 1167 240 1243 duas,
268 1168 301 1230 iu
329 1166 441 1231 dextro
468 1165 575 1230 lumbo
604 1165 720 1231 olaram
743 1187 845 1242 unam,
898 1165 976 1244 llll,
1005 1167 1038 1231 in
1065 1171 1174 1231 ventre
1197 1167 1275 1231 dues
1298 1167 1412 1244 claras,
1439 1168 1472 1230 in
1495 1167 1595 1232 cauda

149 1275 179 1338 in
202 1275 305 1338 oaude
327 1278 405 1350 tres,
428 1275 461 1338 in
484 1273 615 1356 sinprlia
638 1273 770 1358 genibus
792 1294 844 1338 re·
897 1272 956 1351 III,
979 1275 1012 1337 in
1030 1272 1138 1337 lumbo
1157 1274 1272 1356 equino
1293 1272 1315 1348 Ι,
1337 1273 1371 1338 in
1389 1273 1520 1356 genibus
1538 1295 1594 1358 po·

148 1379 257 1446 trorsis
285 1378 377 1457 duas,
405 1382 438 1445 in
464 1387 599 1463 utroque
625 1401 712 1446 armo
741 1402 845 1458 unam,
897 1379 1083 1446 sterioribus
1106 1379 1257 1463 singulas,
1281 1381 1313 1443 in
1335 1379 1509 1464 poplitibus
1531 1381 1595 1444 sin-

150 1490 181 1552 in
209 1488 353 1570 utrisque
380 1488 515 1570 pedibus
542 1487 753 1553 anterioribus
781 1488 845 1552 sin·
897 1486 994 1571 gulas.
1036 1487 1162 1552 omnino
1190 1485 1303 1552 XXIV.
1353 1485 1457 1552 hostia
1487 1493 1595 1552 autom

111 1607 141 1658 10
150 1595 243 1679 gulas.
277 1593 356 1660 fiunt
374 1593 508 1660 XXIIII.
540 1595 770 1677 aquibusdam
789 1615 845 1658 au·
896 1592 993 1658 habet
1016 1595 1049 1658 in
1073 1595 1174 1658 cauda
1195 1593 1302 1659 stellas
1326 1593 1370 1671 ΙΙ,
1397 1593 1430 1659 in
1451 1595 1532 1677 pedo
1555 1595 1595 1658 de
1606 1603 1639 1655 10

150 1707 211 1766 tem
242 1700 462 1767 arbitrabatur
497 1701 631 1767 bestiam
667 1703 701 1766 in
732 1703 846 1768 dextra
897 1700 1124 1786 posterioribus
1150 1701 1252 1785 primo
1280 1701 1295 1766 1
1322 1705 1356 1766 et
1382 1701 1465 1766 inter
1491 1706 1595 1767 utros-

33 1830 38 1863 ·
151 1830 243 1874 mann
274 1813 396 1885 tenere,
427 1809 462 1873 in
488 1809 617 1874 sinistra
643 1809 798 1893 thyrsum3
825 1831 845 1874 a
897 1829 959 1893 que
981 1807 1077 1892 pedes
1098 1807 1123 1885 1,
1145 1809 1179 1873 in
1201 1809 1417 1893 intemoapilio
1439 1809 1455 1873 Ι
1478 1807 1595 1874 olorem

33 1890 37 2023 i
150 1916 308 1981 nonnullis
339 1935 412 1980 vero
450 1920 551 1980 utrem
583 1915 648 1980 vini
679 1916 774 1992 noeti,
808 1937 846 1980 ex
898 1922 931 1982 et
953 1916 1113 2000 inpriore
1135 1917 1364 2000 partepedum
1387 1915 1416 1992 I,
1443 1915 1528 1980 infra
1549 1915 1595 1980 al·

33 2036 37 2055 ¹
150 2045 209 2108 quo
245 2022 362 2088 libaret
397 2023 458 2088 diis
494 2024 528 2088 in
559 2023 705 2088 sacrario.
749 2021 847 2088 habet
898 2031 1009 2101 teram,
1018 2024 1051 2088 in
1061 2024 1164 2107 capite
1173 2022 1221 2087 ΙΙΙ
1232 2023 1409 2106 dipositas.
1426 2021 1594 2089 omninoX.

33 2156 37 2195 r
113 2139 255 2196 renotem
282 2129 389 2195 stellas
416 2129 550 2195 bestiola
576 2130 609 2195 in
636 2130 739 2214 eapite
762 2129 791 2206 I,
814 2131 846 2194 in

150 2239 239 2322 spina
262 2238 379 2302 cleram
397 2236 423 2315 1,
446 2238 479 2301 in
497 2237 597 2302 oauda
615 2236 656 2314 ΙΙ,
674 2237 706 2301 in
725 2257 846 2301 summo

150 2346 227 2428 pede
250 2345 418 2428 posteriori
441 2343 457 2408 I
480 2343 611 2420 claram,
638 2345 671 2408 in
694 2345 846 2410 anteriori

150 2453 228 2535 pede
269 2453 388 2517 alaram
424 2472 527 2516 uuam.
579 2451 704 2534 thyrsus
741 2457 847 2516 autem

149 2559 246 2624 habet
268 2558 325 2624 III
353 2557 434 2623 fiunt
456 2579 562 2624 omnes
585 2558 677 2624 simul
698 2557 845 2622 XXXIII.

32 3472 33 3508 3
145 3432 370 3487 1Habetstellas
385 3431 846 3488 -1ofiuntXXllIletrehebet
933 3431 994 3488 siu
1013 3437 1079 3486 ante
1097 3429 1287 3498 interscapilio
1305 3446 1357 3483 om.
1378 3429 1467 3484 GRV.
1513 3427 1572 3484 ein
1592 3444 1639 3498 po·

114 3522 304 3576 autemstellus
320 3551 353 3560 -
368 3538 394 3577 re
404 3521 485 3576 sImul
495 3521 616 3574 XXXIII
628 3520 773 3586 dedices,
785 3537 847 3575 enne
899 3520 1014 3590 plitibus
1037 3519 1159 3589 singulas
1187 3536 1239 3573 om.
1262 3519 1296 3574 R.
1317 3524 1435 3574 ceterum
1463 3518 1512 3586 qui
1533 3517 1640 3583 sadum

115 3611 140 3662 in
155 3611 179 3664 G
192 3612 292 3666 omaso
305 3611 376 3676 sint,¹
395 3627 420 3666 ιο
434 3626 451 3664 a
467 3610 671 3679 quibusdom—
685 3627 711 3665 re
725 3611 846 3665 sacrario
898 3611 946 3679 ait,
970 3615 1003 3663 ut
1020 3608 1152 3680 Hypiuus
1170 3615 1194 3663 et
1212 3609 1256 3662 hio
1275 3615 1300 3662 et
1317 3625 1407 3677 sopra
1425 3623 1438 3662 e
1453 3623 1508 3676 pro
1526 3605 1641 3676 emole

115 3715 143 3751 ee
162 3700 191 3753 G.
212 3707 329 3754 ceterum
352 3699 419 3752 boec
443 3715 552 3766 quoque
569 3699 601 3751 tu
619 3697 642 3752 S
658 3705 683 3752 et
702 3715 736 3752 ex
754 3699 846 3753 eodem
895 3700 1014 3768 poplites
1033 3705 1137 3767 ponat,
1160 3713 1219 3751 nou
1242 3697 1393 3765 adsequor,
1421 3695 1478 3750 neti
1498 3695 1571 3761 forte
1590 3700 1642 3748 ent

115 3789 215 3853 quidem
232 3789 380 3856 archetypo
399 3788 537 3856 descripta
552 3804 586 3841 ae
602 3787 627 3840 G
641 3788 780 3856 leputatur,
799 3787 847 3842 aed
900 3789 980 3842 aliod
1002 3787 1164 3842 vocabulum
1186 3787 1217 3839 iu
1240 3786 1362 3854 exemplo
1385 3801 1436 3840 nuo
1459 3785 1565 3838 inuenit
1590 3789 1641 3838 aut

116 3876 237 3931 librarius
251 3893 325 3931 more
338 3893 389 3930 eoo
405 3877 498 3930 alieno
513 3882 538 3930 et
552 3877 676 3930 absurda
690 3875 845 3930 edoniseuit.
900 3877 987 3930 olium
1004 3876 1163 3943 scriptorem
1182 3876 1328 3929 coeunluit.
1390 3893 1402 3930 a
1422 3875 1527 3928 XXIV:
1548 3873 1640 3928 XXVI

116 3967 262 4021 adextoro:
278 3966 390 4020 debebat
399 3965 519 4020 sinistro.
573 3966 847 4035 squattuoreortpei:
899 3965 1079 4020 BDGMPV.
1100 3965 1166 4018 XXl
1184 3965 1218 4019 R.
1278 3982 1312 4020 ro.
1331 3981 1356 4019 11
1376 3964 1410 4018 de
1429 3961 1640 4032 posterioribus:

117 4053 176 4108 (luas
204 4055 241 4126 G,
274 4054 350 4121 qood
382 4054 546 4109 uocabulum
570 4072 717 4124 perperam
746 4071 779 4108 ex
806 4071 846 4108 se·
899 4054 1052 4124 posteriore
1076 4053 1105 4108 V.

30 4128 35 4197 :¹
118 4143 252 4208 praenotus
267 4149 447 4212 praeceptum
466 4149 512 4198 eet.
557 4145 617 4200 sin
637 4151 751 4212 utroque
770 4159 846 4198 armo

30 4237 31 4313 ζ
118 4245 189 4286 uuam
210 4233 381 4302 interpolato
400 4249 455 4287 esse
473 4232 613 4301 uidentur,
632 4239 782 4302 postquam
796 4249 846 4302 pe·

29 4351 31 4396 n
119 4315 374 4390 tempestariorum
391 4322 484 4377 atellae
502 4321 671 4376 exciderunt.
709 4337 735 4378 15
753 4321 781 4375 in
801 4339 846 4377 on·

30 4401 31 4450 ]
119 4408 170 4474 pite
187 4413 209 4464 l:
238 4411 349 4466 debebat
371 4411 511 4481 incapite
535 4411 589 4478 ΙΙΙ;
613 4417 731 4466 ceterum
753 4412 785 4464 iet
806 4429 845 4466 ae-

120 4499 252 4564 olannus
284 4516 393 4568 qnoque
426 4501 499 4556 dnae
529 4499 623 4555 stellas
651 4502 765 4555 omIsaaa
793 4515 847 4554 esse

30 4599 31 4635 1
120 4585 214 4655 Hnyint
230 4592 402 4658 comparatio
422 4591 506 4645 docet.
562 4607 587 4646 ns
606 4593 716 4660 thyrsus
734 4589 848 4656 scripsi:

120 4673 229 4742 thyrsum
248 4679 276 4733 S.
368 4697 393 4735 ra
411 4681 465 4734 Ill:
486 4695 520 4733 eto
538 4679 593 4733 BP
608 4679 763 4748 sapuerim
783 4679 845 4732 llll.

29 4758 37 4773 “
122 4761 240 4822 lllllllll:
261 4768 372 4822 debebat
391 4769 545 4824 XXXVIII.
