3906 5800
227 387 331 443 Somou.
351 387 443 442 Gran.
465 387 496 441 G.
516 405 542 457 p.
563 388 622 452 144,
641 389 684 441 22.
1130 387 1260 440 Hromus
1279 386 1314 450 11,
1335 388 1375 440 19.
1562 386 1623 452 127

164 562 276 648 Super
294 570 390 649 eaput
403 565 519 649 quippe
534 565 644 630 arietis
658 585 720 629 uon
735 564 828 648 longe
926 563 994 628 Hoo
1013 565 1108 640 sidus,
1128 564 1211 647 quod
1229 569 1266 628 ut
1283 563 1392 628 littera
1406 569 1454 628 est
1468 584 1581 647 graece
1670 562 1737 617 XX·

117 669 159 734 ab
188 669 401 736 Andromeda
426 672 551 736 adiaoet
578 673 716 755 signum,
743 672 828 756 quod
881 671 916 734 iu
928 671 1088 754 triangulo
1103 671 1216 753 posita,
1229 671 1276 734 ita
1289 670 1481 752 adpellatur3
1496 671 1581 755 quod
1635 649 1774 706 Deltoton.

119 775 241 843 Graeci
262 778 303 843 ob
321 778 563 844 similitudinem
581 777 685 843 deltae
702 777 828 842 litterae
881 775 1057 844 Mercurius
1075 798 1172 862 supra
1189 781 1284 860 caput
1296 775 1416 842 Arietis
1434 776 1581 842 statuisse

116 883 282 962 deltoton,
296 883 410 948 Latini
425 885 462 950 ob
466 885 698 966 proprietatem
707 882 829 964 fmmoe
882 884 1080 950 existimatur
1103 883 1184 960 ideo,
1207 888 1243 947 ut
1265 883 1441 948 obscuritas
1464 884 1582 949 Arietis

91 989 328 1073 ttrianyolum
350 995 472 1055 vocant.
519 991 604 1075 quod
627 990 756 1075 quidam
779 989 828 1055 fa·
882 991 975 1055 huius
998 991 1175 1074 splendore,
1197 1011 1260 1073 quo
1282 989 1350 1055 loeo
1369 995 1462 1068 esset,
1484 991 1581 1074 sigui-
1609 999 1626 1052 5

117 1095 239 1161 bulose
277 1118 298 1161 a
328 1097 402 1162 Iove
433 1119 490 1181 per
522 1095 712 1162 Mercurium
745 1097 829 1160 inter
882 1095 1039 1174 ficeretur,
1057 1104 1090 1162 et
1107 1097 1190 1162 Iouis
1208 1098 1343 1174 nomine,
1366 1117 1478 1181 graece
1496 1092 1582 1174 Διός,

114 1207 212 1266 astra
235 1204 374 1287 positum
396 1208 518 1287 putant
881 1203 1017 1287 primam
1038 1203 1177 1269 litteram
1200 1203 1392 1269 deformaret

164 1308 309 1386 Quidam
333 1331 407 1374 vero
430 1315 561 1394 propter
584 1310 719 1394 Aegypti
741 1310 827 1393 posi·
927 1309 1077 1375 Nonnulli
1091 1310 1421 1394 Aegytipositionemr
1439 1310 1504 1386 alii,
1518 1331 1581 1392 qua

115 1413 256 1492 tionem,
279 1417 330 1480 oui
352 1417 463 1482 diouut
481 1416 588 1480 Nilum
611 1417 709 1480 talem
727 1415 827 1481 ambi·
882 1414 972 1481 Nilus
990 1417 1176 1482 terminaret
1190 1417 1391 1500 Aethiopiam
1410 1422 1442 1481 et
1456 1418 1579 1500 Aegyp-

5 1503 7 1554 Γ
75 1529 106 1581 10
116 1525 190 1584 tum
216 1521 331 1587 faeere.
542 1515 544 1522 ’
716 1603 717 1606 ¹
882 1528 959 1600 tum,
982 1524 1138 1588 dixerunt
1458 1611 1468 1624 ἱ
1590 1531 1625 1584 10

5 2557 6 2572 ³
165 2478 279 2544 Habet
297 2483 403 2543 autem
421 2479 530 2543 stollas
548 2485 622 2556 tres,
645 2479 678 2542 in
696 2478 828 2561 singulis

5 2591 6 2630 ῑ
76 2592 109 2645 20
120 2583 274 2651 videlieet
292 2585 415 2668 augulis
434 2585 583 2668 singulus,
601 2607 697 2651 unum
715 2585 827 2650 ceteris

5 2685 7 2758 i
121 2691 383 2774 splendidiorem.

5 2865 7 2970 i
112 2899 167 2938 oa
192 2885 257 2939 love
280 2878 338 2938 ἀπὸ
363 2879 436 2948 Διός.
477 2899 528 2953 per
551 2883 734 2938 Mercurium:
762 2885 826 2954 lepit
916 2883 997 2939 salii
1016 2884 1050 2950 cf.
1075 2902 1105 2953 p,
1125 2887 1173 2954 91,
1192 2888 1237 2940 21.
1263 2889 1331 2954 103,
1350 2887 1383 2940 2:
1411 2885 1528 2941 indicari
1547 2886 1622 2939 Bur-

5 2991 7 3010 =
80 2966 111 3022 δι’
126 2965 246 3042 Ἑρμοῦ,
265 2976 299 3025 at
315 2971 398 3026 schot.
416 2971 498 3026 Aret.
879 2973 979 3027 siamus
997 2972 1164 3027 dubitanter.
1185 2990 1251 3043 qua:
1272 2974 1343 3043 quod
1361 2973 1396 3028 R.
1434 2965 1454 3031 a
1464 2993 1490 3030 10
1509 2974 1623 3029 Aethio·

6 3059 7 3062 ’
880 3059 954 3130 piam
974 3077 1034 3115 esse
1054 3061 1184 3116 dixerunt
1203 3069 1286 3131 atque
1305 3065 1462 3132 Aegyptum
1486 3062 1515 3116 V.
