3920 5806
349 419 411 484 194
567 419 706 476 Eunonen.
1009 421 1109 475 Senon.
1129 423 1218 476 Anne.
1296 449 1299 456 ·
1353 419 1453 476 Senon.
1474 419 1565 476 Genu.
1585 419 1638 475 BP.
1657 437 1684 489 p.
1704 419 1768 485 102,
1795 411 1842 472 10.

214 595 328 652 XLIII
436 599 519 684 Περὶ
545 605 616 664 τών
643 599 745 665 πέντε
779 591 930 684 ἀστέρων
1046 599 1184 654 omittam.
1345 597 1392 664 De
1407 601 1544 684 quinque
1559 599 1666 674 stellis,
1681 619 1762 683 quus
1778 597 1857 681 pla-

191 685 341 754 mm'im‘·
391 712 462 770 τῶν
494 705 713 791 καλουμένων
741 707 930 793 Πλανητοόν
1301 705 1858 772 netuevocantobudsiduosearum

392 803 446 878 διὰ
482 804 521 878 τὸ
554 814 686 901 κίνησιν
722 810 808 898 ἔχειν
840 812 928 880 ἰδέαν
1299 819 1411 878 motus.
1439 814 1577 897 quinque
1603 813 1670 878 deis
1693 813 1857 896 adsigna·

392 911 522 998 αὐτούς.
564 920 718 1005 λέγονται
756 921 792 986 δὲ
833 927 927 987 θεῶν
1301 926 1420 986 verunt.
1453 921 1492 984 de
1519 919 1570 986 his
1598 920 1717 1003 primus
1739 919 1857 984 Phae-

365 1023 477 1093 δεῖνον
522 1027 632 1094 πέντε.
683 1035 822 1113 πρῶτον
866 1027 928 1111 μὲν
1301 1049 1371 1104 non,
1386 1047 1478 1110 quem
1492 1025 1677 1092 Heraclides
1691 1027 1856 1093 Ponticus
1887 1037 1905 1088 5

392 1131 477 1214 Διός,
505 1136 686 1216 Φαίνοντα,
708 1135 820 1220 μέγαν.
1300 1134 1398 1200 refert
1429 1155 1449 1200 a
1480 1133 1667 1198 Prometheo
1694 1133 1856 1217 pulcher-

1300 1243 1414 1308 rimum
1433 1239 1540 1306 fictum
1558 1241 1723 1306 hominem.
1746 1263 1854 1324 quem

1300 1370 1370 1414 enm
1389 1348 1554 1413 occulisset
1573 1353 1605 1413 et
1625 1345 1747 1432 Cupido
1773 1369 1855 1412 eum

1300 1455 1366 1520 Iovi
1389 1455 1573 1532 indicasset,
1596 1455 1682 1520 misit
1705 1455 1733 1520 is
1757 1454 1854 1519 Mer-

1300 1561 1430 1639 curium,
1454 1563 1508 1647 qui
1530 1583 1600 1626 eum
1619 1568 1788 1646 tamquam
1808 1561 1855 1626 ad
1866 1570 1902 1623 10

1301 1669 1570 1735 immortalitatem
1611 1675 1745 1734 voearet
1792 1669 1855 1752 qui

1299 1795 1363 1842 non
1376 1781 1451 1841 ante
1465 1775 1586 1852 adnuit,
1601 1797 1696 1860 quam
1709 1777 1853 1860 potione

1300 1887 1430 1967 accepte
1456 1883 1543 1950 caelu
1570 1889 1717 1968 receptus
1741 1882 1853 1948 hono-

1299 1995 1387 2056 ratus
1429 1995 1484 2055 est
1534 1989 1617 2056 Iovis
1658 1996 1707 2056 est
1749 1989 1852 2054 stella

1299 2095 1458 2162 Phaenon.
1863 2105 1895 2157 15

432 2196 468 2269 ‘0
491 2204 526 2270 δὲ
550 2200 704 2290 δεύτερος
723 2200 849 2291 ἐκλήθη
867 2203 928 2288 μὲν
1345 2202 1507 2270 Secundus
1517 2201 1692 2280 Phaethon,
1703 2203 1759 2288 qui
1771 2223 1850 2285 cog-

395 2311 552 2391 Φαέθοον,
576 2303 617 2377 οὐ
635 2310 741 2396 μέγας.
771 2299 871 2388 οὗτος
895 2301 928 2375 δ’
1299 2310 1478 2375 nominatus
1521 2309 1639 2374 dicitur
1678 2310 1719 2376 ab
1759 2309 1849 2375 Solis

391 2411 578 2506 ὠνομάσθη
620 2408 688 2483 ἀπὸ
725 2425 785 2482 τοῦ
817 2410 927 2482 Ἡλίου
1300 2415 1366 2480 filio
1380 2415 1587 2484 Phaethonte.
1609 2423 1681 2501 post
1699 2417 1850 2482 fulminis

391 2524 475 2592 οἱοῦ.
1300 2524 1397 2588 ietum
1433 2523 1519 2588 eaelo
1556 2530 1708 2607 receptus.
1760 2525 1849 2590 hanc

1299 2629 1423 2696 stellam
1459 2631 1587 2715 quidam
1624 2631 1755 2698 Saturni
1796 2631 1889 2696 ‹ii-20

1299 2742 1382 2802 eunt.

431 3053 466 3125 ‘0
486 3060 521 3126 δὲ
540 3061 651 3146 τρίτος
670 3052 794 3145 Ἄρεως.
818 3054 928 3145 Πυρό-
1343 3059 1485 3124 Tertium
1513 3058 1600 3124 sidus
1628 3059 1756 3136 Martia,
1786 3060 1842 3144 qui

347 3176 382 3230 25
392 3190 438 3244 εις
458 3167 492 3233 δὲ
511 3172 673 3233 καλεῖται·
698 3157 739 3232 οὐ
756 3165 865 3249 μέγας,
887 3158 927 3230 τὸ
1298 3165 1409 3250 Pyrois
1423 3169 1561 3242 vocatur,
1576 3186 1639 3228 non
1658 3167 1882 3242 maximum,25

389 3280 506 3359 χρῶμα
516 3264 632 3358 ὅμοιος
644 3281 694 3358 τῷ
710 3272 746 3338 έν
760 3279 809 3356 τῷ
819 3264 926 3356 Zeten.
1299 3273 1425 3356 igneum
1462 3271 1574 3336 eolore.
1618 3274 1672 3356 qui
1708 3279 1843 3356 putatur

1299 3381 1388 3445 iuxta
1415 3378 1570 3443 Venerem
1602 3379 1681 3444 situs
1712 3379 1773 3444 hac
1803 3401 1840 3444 ex

1298 3507 1404 3552 causa:
1427 3486 1554 3568 petisse,
1577 3485 1661 3569 quod
1684 3485 1839 3551 Venerem

1300 3593 1457 3658 Vulcanus
1510 3591 1643 3656 haberet
1699 3614 1839 3668 uxorem,

1298 3699 1365 3784 ipse
1411 3698 1450 3766 de
1492 3699 1648 3764 sideribus
1690 3699 1719 3764 ei
1756 3703 1837 3764 esset
1845 3705 1876 3758 30

1299 3807 1430 3872 innotus.
1460 3805 1571 3890 Pyrois
1598 3805 1716 3871 dicitur
1739 3827 1759 3871 a
1781 3825 1836 3872 suo

1299 3913 1421 3979 fervore
1446 3918 1479 3978 et
1501 3912 1672 3978 eeleritate

1926 4013 1927 4049 i

381 4305 394 4342 4
431 4286 461 4342 δέ
498 4287 584 4341 ἀνέντα
623 4287 683 4340 vult
717 4287 926 4356 Bernhardyas.
1334 4303 1345 4342 1
1375 4302 1443 4357 quas
1470 4285 1691 4342 schaanannim.-
1723 4301 1793 4355 οντα
1818 4279 1869 4338 ΒΡ.

347 4393 372 4432 ιο
391 4375 421 4430 δὲ
440 4383 465 4430 et
483 4393 509 4431 ιτ
528 4371 554 4430 δ’
574 4376 681 4430 addidi.
762 4392 787 4430 τι
808 4371 929 4446 [lupiag
1299 4391 1311 4430 a
1330 4375 1471 4430 adsiduos:
1494 4377 1558 4446 teuit
1576 4371 1667 4430 ἀιδίαν
1681 4391 1737 4444 pro
1750 4373 1826 4436 ἰδέαν,
1844 4375 1870 4423 ut

346 4464 543 4533 Κομαιάτοίνο.Ι
563 4458 719 4534 Πυροειδής
737 4464 807 4520 lutri.
1298 4471 1388 4519 mmet
1411 4465 1644 4520 Walamowitziua
1744 4482 1756 4521 u
1776 4463 1829 4519 deis
1846 4477 1868 4512 e:

1298 4553 1357 4608 dies
1371 4553 1431 4609 BP.
1472 4557 1538 4610 ide
1557 4554 1600 4608 his
1619 4553 1724 4624 primun
1743 4555 1866 4608 Phaenea

348 4658 428 4712 quem
448 4642 667 4712 Schaubachiuu,
691 4644 748 4697 αιὀτ·
765 4643 840 4711 quod
858 4642 948 4713 prima
966 4643 1077 4710 scripsit
1095 4647 1119 4696 et
1134 4647 1199 4712 pont
1217 4642 1345 4698 Phaenon
1366 4643 1479 4698 addidit
1496 4643 1608 4699 dicitur:
1633 4644 1667 4699 de
1686 4642 1729 4698 his
1747 4644 1800 4698 hae
1815 4653 1866 4697 non.

348 4749 417 4800 quae
436 4731 495 4785 BP.
542 4733 675 4790 enadd.
691 4731 905 4786 Schaubachius.
957 4747 1050 4788 seam
1070 4731 1126 4785 Iovi
1145 4735 1174 4801 βε
1195 4731 1325 4786 etuitivut
1342 4731 1402 4787 BP.
1448 4733 1503 4790 ais
1522 4732 1587 4786 add.
1607 4736 1633 4804 β.
1678 4749 1704 4788 το
1722 4732 1825 4800 igneum
1840 4728 1867 4796 βι·
1918 4755 1920 4863 μ

347 4821 436 4890 ignem
456 4823 515 4875 BP.
611 4839 636 4878 νο
656 4828 720 4876 οντα
738 4821 889 4877 Vulcanus:
909 4820 969 4890 ipse
986 4820 1047 4875 BP.
1067 4821 1110 4873 del
1134 4819 1360 4876 Wtiamowztuius
1378 4822 1552 4890 corruptelae
1570 4821 1645 4876 missi
1665 4821 1863 4874 αοαιᾱαιὶοντν

346 4912 420 4976 salso
439 4912 497 4966 loco
516 4912 547 4964 in
564 4916 668 4964 textum
686 4917 823 4978 receptam
842 4926 897 4964 esse
914 4917 1003 4964 ratus.
1092 4927 1119 4966 ee
1139 4911 1197 4980 ipse
1217 4910 1415 4980 Kieseiinyiua:
1433 4911 1509 4966 misai
1527 4910 1587 4965 BP.
1678 4926 1704 4966 ue
1723 4909 1861 4966 celeritate:

347 4999 440 5053 malim
459 5000 557 5054 colore.
1363 5027 1366 5034 ·
1917 5031 1918 5097 μ
