3908 5802
183 430 277 484 Senon.
297 428 390 482 Gm.
411 427 441 481 G.
463 445 488 496 p.
511 429 570 492 123,
592 429 631 481 16.
1068 426 1198 480 Hunuuus
1218 427 1266 489 ΙΙΙ,
1285 427 1328 478 25.
1529 424 1570 486 75

103 615 153 672 tres
175 606 284 684 clerae,
307 606 341 672 in
364 611 473 672 ventre
497 605 588 682 duan,
618 607 651 670 iu
673 605 776 672 eeuda
828 625 898 670 rum
916 605 1092 670 mediaest
1114 603 1297 680 clarissime,
1319 603 1353 666 in
1374 602 1527 666 interuen-

100 714 229 796 qninqne,
251 713 285 777 iu
308 711 417 778 aculeo
440 712 527 780 duee.
570 716 645 778 nunt
667 733 775 778 omnes
828 710 905 794 pilio
927 709 984 788 ΙΙΙ,
1007 710 1039 774 in
1062 715 1172 776 ventre
1195 709 1236 786 II,
1258 709 1292 772 in
1314 707 1416 774 enudn
1433 707 1471 786 V,
1494 710 1527 772 in

99 817 211 886 XVIIII.
373 819 376 830 “
828 817 971 882 acumine
994 819 1072 901 ipso,
1095 837 1157 901 quo
1180 821 1344 900 percutere
1368 815 1527 882 existima·

827 928 890 1000 tur,
921 923 961 988 II.
994 924 1101 1008 itaque
1133 929 1182 990 eet
1211 923 1338 989 omnino
1365 923 1528 989 stellarum

828 1029 960 1097 XVIIII.
1537 1037 1554 1094 5

321 2205 348 2256 p.
369 2189 429 2253 123,
447 2188 490 2242 20.
1161 2185 1196 2251 u,
1215 2184 1239 2239 4.
1307 2169 1309 2173 ’

124 2295 247 2359 Dicitur
255 2300 362 2360 nutem
374 2280 505 2360 Callisto
522 2300 554 2358 et
563 2293 637 2358 Iove
651 2294 776 2376 genitus
875 2293 922 2357 De
944 2293 1005 2359 hon
1027 2292 1136 2368 fertur,
1158 2299 1195 2356 ut
1217 2293 1259 2356 sit
1283 2291 1380 2356 Arene
1403 2291 1529 2357 nomine
1605 2289 1698 2432 IIII·

1633 2395 1692 2432 2¹6⁰

1593 2407 1708 2537 m

85 2406 113 2462 et
125 2399 285 2466 habitasse
301 2421 377 2484 erga
386 2401 564 2484 Lycaonem
573 2404 607 2464 et
615 2398 655 2465 ab
666 2399 777 2465 eodem
831 2397 978 2464 Callistus
1002 2404 1035 2463 et
1062 2399 1143 2464 Iovis
1171 2396 1267 2475 filius,
1295 2419 1387 2482 quem
1415 2399 1531 2463 dicitur

84 2505 149 2571 Inue
174 2509 206 2572 in
241 2506 344 2573 truste
375 2508 516 2573 nonninus
544 2512 577 2571 et
604 2507 637 2571 in
668 2525 777 2571 mensa
831 2503 965 2589 Lycaon,
988 2528 1060 2570 eum
1078 2505 1198 2588 Iupiter
1221 2506 1261 2570 nd
1281 2527 1352 2569 eum
1370 2506 1404 2568 in
1422 2505 1529 2588 hospi·

54 2621 79 2672 15
86 2613 204 2694 positus,
223 2614 339 2678 iterum
357 2612 547 2679 reformatus
561 2619 593 2678 et
606 2613 777 2696 aquodam
830 2611 911 2677 tium
924 2613 1070 2689 venisset,
1087 2633 1158 2676 eum
1176 2611 1240 2676 aliu
1258 2632 1352 2677 earne
1370 2613 1573 2678 connisum15

87 2719 219 2801 caprario
234 2721 401 2786 enutritus.
419 2741 512 2802 quem
527 2740 597 2784 num
613 2719 777 2784 immolare
830 2739 888 2802 pro
916 2719 1017 2803 epulis
1044 2719 1242 2802 adposuiss03
1273 2717 1420 2782 studebat
1447 2718 1530 2781 enim

87 2823 191 2890 vellent
202 2825 402 2892 habitatores
415 2826 485 2904 loci,
503 2826 625 2911 Iupiter
639 2825 777 2890 liberans
831 2827 923 2904 seire,
952 2826 982 2890 si
1008 2825 1085 2890 deus
1108 2829 1196 2903 esset,
1226 2825 1283 2908 qui
1304 2845 1397 2889 sunm
1423 2823 1528 2904 hospi-

17 2973 18 2978 κ
87 2929 161 2996 inter
181 2937 270 2998 astra
292 2932 480 3010 conlocavit,
501 2934 679 3018 Lycaonem
703 2953 776 2998 vero
831 2933 910 2997 tium
924 2932 1126 2996 desideraret.
1154 2951 1217 3012 quo
1231 2929 1317 3010 facto
1331 2951 1397 2995 nnn
1409 2932 1530 2994 minore

17 3067 18 3126 3
87 3040 230 3105 convertit
249 3037 444 3105 iubentium.
824 3059 932 3119 poena
950 3043 994 3101 est
1013 3037 1166 3118 adfectus.
1191 3059 1264 3101 nam
1282 3035 1390 3101 statim
1408 3036 1530 3119 Iupiter

17 3137 18 3160 ¹
830 3165 939 3209 mensa
969 3144 1110 3226 proiecta
1141 3145 1269 3210 domum
1301 3143 1368 3208 eius
1399 3141 1530 3206 fulmine

831 3251 983 3328 incendit,
1007 3252 1108 3335 ipsum
1130 3257 1237 3316 nutem
1255 3247 1287 3312 in
1306 3248 1373 3332 lupi
1395 3246 1530 3330 figuram
1541 3258 1574 3310 10

81 3459 102 3497 n
118 3445 189 3500 Inue:
209 3445 269 3501 Iovi
282 3449 311 3516 β.
341 3445 390 3500 ned
408 3446 477 3500 tales
496 3461 601 3500 meree
613 3445 779 3500 scholiastae
830 3445 897 3500 VIII
917 3444 1109 3498 Tusnruoiun:
1134 3443 1291 3511 Exsertpnit
1314 3459 1444 3512 mappam
1464 3447 1575 3510 partem

54 3530 209 3600 relinquendi
226 3540 301 3589 nunt.
1043 3532 1157 3586 Servius
1173 3532 1271 3600 Georp.
1286 3533 1299 3585 Ι
1319 3532 1361 3586 67.

80 3621 180 3677 utoni:
198 3623 318 3689 sonmo
336 3622 447 3694 Lycaei.
865 3638 879 3678 Ι
909 3626 975 3690 ped
992 3621 1148 3676 stellarum:
1168 3620 1234 3676 ordo
1253 3619 1288 3675 R.

866 3727 892 3767 ne
910 3701 1041 3765 studebat
1064 3709 1137 3765 enim
1162 3715 1213 3764 ete.
1236 3709 1295 3778 tpne
1312 3707 1444 3778 Hypium
1463 3707 1577 3762 addidit

832 3797 865 3864 et.
885 3797 941 3866 snb.
962 3801 1017 3852 176
1041 3803 1178 3866 temptare
1197 3795 1343 3852 voluerunt
1366 3797 1469 3851 deusne
1493 3801 1575 3850 esent.
