<?xml version="1.0" encoding="UTF-8"?>
<!DOCTYPE html PUBLIC "-//W3C//DTD XHTML 1.0 Transitional//EN"
    "http://www.w3.org/TR/xhtml1/DTD/xhtml1-transitional.dtd">
<html xmlns="http://www.w3.org/1999/xhtml" xml:lang="en" lang="en">
 <head>
  <title>
</title>
<meta http-equiv="Content-Type" content="text/html;charset=utf-8" />
  <meta name='ocr-system' content='tesseract 3.04.00' />
  <meta name='ocr-capabilities' content='ocr_page ocr_carea ocr_par ocr_line ocrx_word'/>
</head>
<body>
  <div class='ocr_page' id='page_1' title='image "./eratostheniscat01eratgoog_0230.png"; bbox 0 0 3920 5806; ppageno 0'>
   <div class='ocr_carea' id='block_1_1' title="bbox 310 441 570 500">
    <p class='ocr_par' dir='ltr' id='par_1_1' title="bbox 310 441 570 500">
     <span class='ocr_line' id='line_1_1' title="bbox 310 441 570 500; baseline -0.004 -2"><span class='ocrx_word' id='word_1_1' title='bbox 310 443 407 498; x_wconf 78' lang='lat' dir='ltr'><strong>Senon.</strong></span> <span class='ocrx_word' id='word_1_2' title='bbox 426 441 519 500; x_wconf 76' lang='lat' dir='ltr'><strong>lim.</strong></span> <span class='ocrx_word' id='word_1_3' title='bbox 539 444 570 500; x_wconf 85' lang='lat' dir='ltr'><strong>G.</strong></span> 
     </span>
    </p>
   </div>
   <div class='ocr_carea' id='block_1_2' title="bbox 372 623 508 679">
    <p class='ocr_par' dir='ltr' id='par_1_2' title="bbox 372 623 508 679">
     <span class='ocr_line' id='line_1_2' title="bbox 372 623 508 679; baseline 0.007 -2"><span class='ocrx_word' id='word_1_4' title='bbox 372 623 508 679; x_wconf 69' lang='lat' dir='ltr'><strong>nmmum.</strong></span> 
     </span>
    </p>
   </div>
   <div class='ocr_carea' id='block_1_3' title="bbox 1101 449 1603 518">
    <p class='ocr_par' dir='ltr' id='par_1_3' title="bbox 1101 449 1603 518">
     <span class='ocr_line' id='line_1_3' title="bbox 1101 449 1603 518; baseline 0.002 -14"><span class='ocrx_word' id='word_1_5' title='bbox 1101 450 1231 504; x_wconf 81' lang='lat' dir='ltr'><strong>Hronrus</strong></span> <span class='ocrx_word' id='word_1_6' title='bbox 1249 450 1299 516; x_wconf 91' lang='lat'><strong>111,</strong></span> <span class='ocrx_word' id='word_1_7' title='bbox 1317 449 1361 505; x_wconf 81' lang='lat'><strong>42.</strong></span> <span class='ocrx_word' id='word_1_8' title='bbox 1542 453 1603 518; x_wconf 76' lang='lat'><strong>197</strong></span> 
     </span>
    </p>
   </div>
   <div class='ocr_carea' id='block_1_4' title="bbox 855 627 1602 2627">
    <p class='ocr_par' dir='ltr' id='par_1_4' title="bbox 856 627 1602 2107">
     <span class='ocr_line' id='line_1_4' title="bbox 907 627 1560 707; baseline 0 -12"><span class='ocrx_word' id='word_1_9' title='bbox 907 627 1028 707; x_wconf 74' lang='lat' dir='ltr'><strong>Quarta</strong></span> <span class='ocrx_word' id='word_1_10' title='bbox 1058 629 1152 696; x_wconf 82' lang='lat' dir='ltr'><strong>stelle</strong></span> <span class='ocrx_word' id='word_1_11' title='bbox 1182 635 1230 696; x_wconf 85' lang='lat' dir='ltr'><strong>est</strong></span> <span class='ocrx_word' id='word_1_12' title='bbox 1257 628 1402 707; x_wconf 81' lang='lat' dir='ltr'><strong>Veneris,</strong></span> <span class='ocrx_word' id='word_1_13' title='bbox 1433 630 1560 697; x_wconf 85' lang='lat' dir='ltr'><strong>Lucifer</strong></span> 
     </span>
     <span class='ocr_line' id='line_1_5' title="bbox 861 736 1560 822; baseline 0.004 -20"><span class='ocrx_word' id='word_1_14' title='bbox 861 736 999 812; x_wconf 90' lang='lat' dir='ltr'><strong>nomine;</strong></span> <span class='ocrx_word' id='word_1_15' title='bbox 1030 758 1125 822; x_wconf 84' lang='lat' dir='ltr'><strong>quom</strong></span> <span class='ocrx_word' id='word_1_16' title='bbox 1156 737 1299 802; x_wconf 87' lang='lat' dir='ltr'>nonnulli</span> <span class='ocrx_word' id='word_1_17' title='bbox 1330 737 1460 804; x_wconf 88' lang='lat' dir='ltr'><strong>Iunonis</strong></span> <span class='ocrx_word' id='word_1_18' title='bbox 1492 760 1560 805; x_wconf 83' lang='lat' dir='ltr'><strong>esse</strong></span> 
     </span>
     <span class='ocr_line' id='line_1_6' title="bbox 861 843 1558 930; baseline 0.001 -20"><span class='ocrx_word' id='word_1_19' title='bbox 861 843 1016 910; x_wconf 82' lang='lat' dir='ltr'><strong>dixerunt.</strong></span> <span class='ocrx_word' id='word_1_20' title='bbox 1044 843 1127 909; x_wconf 82' lang='lat' dir='ltr'><strong>hunc</strong></span> <span class='ocrx_word' id='word_1_21' title='bbox 1149 845 1282 910; x_wconf 86' lang='lat' dir='ltr'><strong>eandem</strong></span> <span class='ocrx_word' id='word_1_22' title='bbox 1304 843 1480 930; x_wconf 83' lang='lat' dir='ltr'>Hesperum</span> <span class='ocrx_word' id='word_1_23' title='bbox 1502 847 1558 911; x_wconf 88' lang='lat' dir='ltr'><strong>ad-</strong></span> 
     </span>
     <span class='ocr_line' id='line_1_7' title="bbox 860 949 1559 1034; baseline 0.004 -19"><span class='ocrx_word' id='word_1_24' title='bbox 860 949 985 1034; x_wconf 82' lang='lat' dir='ltr'><strong>pellari,</strong></span> <span class='ocrx_word' id='word_1_25' title='bbox 1016 951 1125 1016; x_wconf 87' lang='lat' dir='ltr'><strong>multis</strong></span> <span class='ocrx_word' id='word_1_26' title='bbox 1152 951 1305 1016; x_wconf 87' lang='lat' dir='ltr'><strong>traditum</strong></span> <span class='ocrx_word' id='word_1_27' title='bbox 1335 959 1384 1018; x_wconf 86' lang='lat' dir='ltr'><strong>est</strong></span> <span class='ocrx_word' id='word_1_28' title='bbox 1410 953 1559 1018; x_wconf 84' lang='lat' dir='ltr'><strong>historiis.</strong></span> 
     </span>
     <span class='ocr_line' id='line_1_8' title="bbox 859 1057 1602 1125; baseline 0.001 -4"><span class='ocrx_word' id='word_1_29' title='bbox 859 1057 912 1122; x_wconf 92' lang='lat' dir='ltr'><strong>hic</strong></span> <span class='ocrx_word' id='word_1_30' title='bbox 939 1063 1044 1124; x_wconf 89' lang='lat' dir='ltr'><strong>autem</strong></span> <span class='ocrx_word' id='word_1_31' title='bbox 1072 1060 1210 1123; x_wconf 89' lang='lat' dir='ltr'><strong>omnium</strong></span> <span class='ocrx_word' id='word_1_32' title='bbox 1239 1058 1378 1124; x_wconf 87' lang='lat' dir='ltr'><strong>siderum</strong></span> <span class='ocrx_word' id='word_1_33' title='bbox 1404 1061 1558 1125; x_wconf 81' lang='lat' dir='ltr'><strong>maximus</strong></span> <span class='ocrx_word' id='word_1_34' title='bbox 1585 1069 1602 1122; x_wconf 82' lang='lat'>5</span> 
     </span>
     <span class='ocr_line' id='line_1_9' title="bbox 860 1165 1559 1232; baseline 0 0"><span class='ocrx_word' id='word_1_35' title='bbox 860 1187 927 1232; x_wconf 85' lang='lat' dir='ltr'><strong>osse</strong></span> <span class='ocrx_word' id='word_1_36' title='bbox 958 1166 1091 1230; x_wconf 85' lang='lat' dir='ltr'><strong>videtur.</strong></span> <span class='ocrx_word' id='word_1_37' title='bbox 1127 1165 1271 1231; x_wconf 87' lang='lat' dir='ltr'>nonnulli</span> <span class='ocrx_word' id='word_1_38' title='bbox 1301 1165 1386 1232; x_wconf 92' lang='lat' dir='ltr'><strong>hunc</strong></span> <span class='ocrx_word' id='word_1_39' title='bbox 1416 1166 1559 1232; x_wconf 75' lang='lat' dir='ltr'><strong>Aurorae</strong></span> 
     </span>
     <span class='ocr_line' id='line_1_10' title="bbox 859 1271 1558 1359; baseline 0.001 -21"><span class='ocrx_word' id='word_1_40' title='bbox 859 1278 892 1338; x_wconf 87' lang='lat' dir='ltr'><strong>et</strong></span> <span class='ocrx_word' id='word_1_41' title='bbox 919 1271 1051 1356; x_wconf 79' lang='lat' dir='ltr'>Cephali</span> <span class='ocrx_word' id='word_1_42' title='bbox 1081 1271 1181 1336; x_wconf 90' lang='lat' dir='ltr'><strong>filium</strong></span> <span class='ocrx_word' id='word_1_43' title='bbox 1213 1274 1372 1351; x_wconf 86' lang='lat' dir='ltr'><strong>dixerunt,</strong></span> <span class='ocrx_word' id='word_1_44' title='bbox 1404 1273 1558 1359; x_wconf 86' lang='lat' dir='ltr'><strong>pulcritu-</strong></span> 
     </span>
     <span class='ocr_line' id='line_1_11' title="bbox 859 1379 1556 1464; baseline 0.001 -20"><span class='ocrx_word' id='word_1_45' title='bbox 859 1379 933 1445; x_wconf 84' lang='lat' dir='ltr'>dine</span> <span class='ocrx_word' id='word_1_46' title='bbox 964 1380 1072 1444; x_wconf 87' lang='lat' dir='ltr'><strong>multis</strong></span> <span class='ocrx_word' id='word_1_47' title='bbox 1104 1385 1324 1464; x_wconf 76' lang='lat' dir='ltr'><strong>praestantem.</strong></span> <span class='ocrx_word' id='word_1_48' title='bbox 1361 1403 1400 1445; x_wconf 87' lang='lat' dir='ltr'><strong>ex</strong></span> <span class='ocrx_word' id='word_1_49' title='bbox 1431 1403 1495 1464; x_wconf 85' lang='lat' dir='ltr'><strong>qua</strong></span> <span class='ocrx_word' id='word_1_50' title='bbox 1522 1401 1556 1445; x_wconf 87' lang='lat' dir='ltr'><strong>re</strong></span> 
     </span>
     <span class='ocr_line' id='line_1_12' title="bbox 859 1487 1557 1565; baseline 0 -13"><span class='ocrx_word' id='word_1_51' title='bbox 859 1487 954 1553; x_wconf 85' lang='lat' dir='ltr'><strong>etiam</strong></span> <span class='ocrx_word' id='word_1_52' title='bbox 977 1509 1047 1554; x_wconf 89' lang='lat' dir='ltr'><strong>cum</strong></span> <span class='ocrx_word' id='word_1_53' title='bbox 1068 1487 1190 1554; x_wconf 80' lang='lat' dir='ltr'><strong>Venere</strong></span> <span class='ocrx_word' id='word_1_54' title='bbox 1214 1487 1331 1553; x_wconf 84' lang='lat' dir='ltr'><strong>dieitur</strong></span> <span class='ocrx_word' id='word_1_55' title='bbox 1353 1493 1557 1565; x_wconf 73' lang='lat' dir='ltr'><strong>certassent</strong></span> 
     </span>
     <span class='ocr_line' id='line_1_13' title="bbox 858 1594 1601 1661; baseline -0.001 -3"><span class='ocrx_word' id='word_1_56' title='bbox 858 1595 953 1660; x_wconf 86' lang='lat' dir='ltr'><strong>etiem</strong></span> <span class='ocrx_word' id='word_1_57' title='bbox 977 1595 1203 1660; x_wconf 79' lang='lat' dir='ltr'><strong>Eratosthenes</strong></span> <span class='ocrx_word' id='word_1_58' title='bbox 1230 1595 1307 1660; x_wconf 90' lang='lat' dir='ltr'><strong>dicit</strong></span> <span class='ocrx_word' id='word_1_59' title='bbox 1335 1615 1406 1659; x_wconf 90' lang='lat' dir='ltr'><strong>eum</strong></span> <span class='ocrx_word' id='word_1_60' title='bbox 1433 1594 1601 1661; x_wconf 80' lang='lat' dir='ltr'><strong>haedere</strong></span> 
     </span>
     <span class='ocr_line' id='line_1_14' title="bbox 858 1701 1555 1786; baseline 0.001 -19"><span class='ocrx_word' id='word_1_61' title='bbox 858 1722 954 1767; x_wconf 76' lang='lat' dir='ltr'><strong>‹nusa</strong></span> <span class='ocrx_word' id='word_1_62' title='bbox 982 1702 1112 1768; x_wconf 87' lang='lat' dir='ltr'><strong>Veneris</strong></span> <span class='ocrx_word' id='word_1_63' title='bbox 1139 1701 1307 1786; x_wconf 74' lang='lat' dir='ltr'><strong>adpellari,</strong></span> <span class='ocrx_word' id='word_1_64' title='bbox 1335 1708 1367 1767; x_wconf 90' lang='lat' dir='ltr'><strong>et</strong></span> <span class='ocrx_word' id='word_1_65' title='bbox 1394 1703 1555 1768; x_wconf 87' lang='lat' dir='ltr'><strong>exoriente</strong></span> 
     </span>
     <span class='ocr_line' id='line_1_15' title="bbox 856 1791 1556 1894; baseline 0.001 -20"><span class='ocrx_word' id='word_1_66' title='bbox 856 1810 923 1874; x_wconf 90' lang='lat' dir='ltr'><strong>sole</strong></span> <span class='ocrx_word' id='word_1_67' title='bbox 941 1815 973 1874; x_wconf 87' lang='lat' dir='ltr'><strong>et</strong></span> <span class='ocrx_word' id='word_1_68' title='bbox 992 1810 1153 1876; x_wconf 84' lang='lat' dir='ltr'><strong>occidente</strong></span> <span class='ocrx_word' id='word_1_69' title='bbox 1171 1809 1285 1884; x_wconf 79' lang='lat' dir='ltr'><strong>videri3</strong></span> <span class='ocrx_word' id='word_1_70' title='bbox 1304 1791 1415 1894; x_wconf 72' lang='lat' dir='ltr'><strong>quere,</strong></span> <span class='ocrx_word' id='word_1_71' title='bbox 1428 1813 1464 1873; x_wconf 89' lang='lat' dir='ltr'><strong>ut</strong></span> <span class='ocrx_word' id='word_1_72' title='bbox 1482 1814 1556 1875; x_wconf 86' lang='lat' dir='ltr'><strong>unte</strong></span> 
     </span>
     <span class='ocr_line' id='line_1_16' title="bbox 856 1915 1555 1995; baseline -0.003 -12"><span class='ocrx_word' id='word_1_73' title='bbox 856 1917 1007 1995; x_wconf 80' lang='lat' dir='ltr'><strong>diximus,</strong></span> <span class='ocrx_word' id='word_1_74' title='bbox 1039 1918 1106 1982; x_wconf 88' lang='lat' dir='ltr'><strong>iure</strong></span> <span class='ocrx_word' id='word_1_75' title='bbox 1137 1916 1221 1982; x_wconf 91' lang='lat' dir='ltr'><strong>hune</strong></span> <span class='ocrx_word' id='word_1_76' title='bbox 1253 1921 1286 1981; x_wconf 90' lang='lat' dir='ltr'><strong>et</strong></span> <span class='ocrx_word' id='word_1_77' title='bbox 1316 1915 1495 1982; x_wconf 86' lang='lat' dir='ltr'><strong>Luciferum</strong></span> <span class='ocrx_word' id='word_1_78' title='bbox 1522 1922 1555 1981; x_wconf 90' lang='lat' dir='ltr'><strong>et</strong></span> 
     </span>
     <span class='ocr_line' id='line_1_17' title="bbox 857 2023 1255 2107; baseline -0.003 -19"><span class='ocrx_word' id='word_1_79' title='bbox 857 2023 1031 2107; x_wconf 86' lang='lat' dir='ltr'><strong>Hesperum</strong></span> <span class='ocrx_word' id='word_1_80' title='bbox 1053 2025 1255 2090; x_wconf 86' lang='lat' dir='ltr'><strong>nominatum.</strong></span> 
     </span>
    </p>

    <p class='ocr_par' dir='ltr' id='par_1_5' title="bbox 855 2129 1598 2627">
     <span class='ocr_line' id='line_1_18' title="bbox 901 2129 1598 2209; baseline -0.004 -13"><span class='ocrx_word' id='word_1_81' title='bbox 901 2131 1019 2209; x_wconf 84' lang='lat' dir='ltr'><strong>Quinta</strong></span> <span class='ocrx_word' id='word_1_82' title='bbox 1046 2130 1137 2196; x_wconf 85' lang='lat' dir='ltr'><strong>stella</strong></span> <span class='ocrx_word' id='word_1_83' title='bbox 1164 2137 1212 2196; x_wconf 87' lang='lat' dir='ltr'><strong>eet</strong></span> <span class='ocrx_word' id='word_1_84' title='bbox 1239 2129 1401 2208; x_wconf 84' lang='lat' dir='ltr'><strong>Mercurii,</strong></span> <span class='ocrx_word' id='word_1_85' title='bbox 1428 2131 1554 2196; x_wconf 90' lang='lat' dir='ltr'><strong>nemine</strong></span> <span class='ocrx_word' id='word_1_86' title='bbox 1566 2139 1598 2193; x_wconf 81' lang='lat'><strong>15</strong></span> 
     </span>
     <span class='ocr_line' id='line_1_19' title="bbox 857 2237 1553 2304; baseline 0 -1"><span class='ocrx_word' id='word_1_87' title='bbox 857 2237 990 2304; x_wconf 89' lang='lat' dir='ltr'><strong>Stilbon</strong></span> <span class='ocrx_word' id='word_1_88' title='bbox 1018 2239 1074 2304; x_wconf 86' lang='lat' dir='ltr'><strong>sed</strong></span> <span class='ocrx_word' id='word_1_89' title='bbox 1101 2238 1179 2303; x_wconf 85' lang='lat' dir='ltr'><strong>haee</strong></span> <span class='ocrx_word' id='word_1_90' title='bbox 1206 2243 1254 2303; x_wconf 85' lang='lat' dir='ltr'><strong>est</strong></span> <span class='ocrx_word' id='word_1_91' title='bbox 1276 2237 1380 2304; x_wconf 88' lang='lat' dir='ltr'><strong>brevis</strong></span> <span class='ocrx_word' id='word_1_92' title='bbox 1405 2243 1438 2303; x_wconf 90' lang='lat' dir='ltr'><strong>et</strong></span> <span class='ocrx_word' id='word_1_93' title='bbox 1461 2237 1553 2304; x_wconf 86' lang='lat' dir='ltr'><strong>eluru</strong></span> 
     </span>
     <span class='ocr_line' id='line_1_20' title="bbox 856 2343 1553 2422; baseline 0.001 -13"><span class='ocrx_word' id='word_1_94' title='bbox 856 2343 936 2410; x_wconf 89' lang='lat' dir='ltr'><strong>haee</strong></span> <span class='ocrx_word' id='word_1_95' title='bbox 953 2350 1060 2412; x_wconf 85' lang='lat' dir='ltr'><strong>autem</strong></span> <span class='ocrx_word' id='word_1_96' title='bbox 1076 2344 1232 2410; x_wconf 89' lang='lat' dir='ltr'><strong>Mercurio</strong></span> <span class='ocrx_word' id='word_1_97' title='bbox 1252 2346 1328 2412; x_wconf 86' lang='lat' dir='ltr'><strong>datu</strong></span> <span class='ocrx_word' id='word_1_98' title='bbox 1346 2344 1553 2422; x_wconf 85' lang='lat' dir='ltr'><strong>existimatur,</strong></span> 
     </span>
     <span class='ocr_line' id='line_1_21' title="bbox 856 2452 1552 2537; baseline -0.003 -20"><span class='ocrx_word' id='word_1_99' title='bbox 856 2452 940 2536; x_wconf 89' lang='lat' dir='ltr'><strong>quod</strong></span> <span class='ocrx_word' id='word_1_100' title='bbox 962 2453 1081 2537; x_wconf 83' lang='lat' dir='ltr'><strong>primus</strong></span> <span class='ocrx_word' id='word_1_101' title='bbox 1099 2473 1220 2518; x_wconf 86' lang='lat' dir='ltr'><strong>menses</strong></span> <span class='ocrx_word' id='word_1_102' title='bbox 1239 2453 1413 2519; x_wconf 83' lang='lat' dir='ltr'><strong>instituerit</strong></span> <span class='ocrx_word' id='word_1_103' title='bbox 1430 2456 1464 2518; x_wconf 83' lang='lat' dir='ltr'><strong>et</strong></span> <span class='ocrx_word' id='word_1_104' title='bbox 1481 2472 1552 2536; x_wconf 90' lang='lat' dir='ltr'><strong>per-</strong></span> 
     </span>
     <span class='ocr_line' id='line_1_22' title="bbox 855 2559 1271 2627; baseline 0.005 -5"><span class='ocrx_word' id='word_1_105' title='bbox 855 2559 971 2624; x_wconf 88' lang='lat' dir='ltr'><strong>viderit</strong></span> <span class='ocrx_word' id='word_1_106' title='bbox 993 2560 1131 2624; x_wconf 87' lang='lat' dir='ltr'><strong>siderum</strong></span> <span class='ocrx_word' id='word_1_107' title='bbox 1154 2582 1271 2627; x_wconf 77' lang='lat' dir='ltr'><strong>cursus.</strong></span> 
     </span>
    </p>
   </div>
   <div class='ocr_carea' id='block_1_5' title="bbox 853 3391 1595 3717">
    <p class='ocr_par' dir='ltr' id='par_1_6' title="bbox 853 3391 1595 3717">
     <span class='ocr_line' id='line_1_23' title="bbox 888 3391 1595 3450; baseline -0.006 0"><span class='ocrx_word' id='word_1_108' title='bbox 888 3410 901 3450; x_wconf 81' lang='lat' dir='ltr'><strong>o</strong></span> <span class='ocrx_word' id='word_1_109' title='bbox 918 3393 964 3448; x_wconf 90' lang='lat' dir='ltr'><strong>hie</strong></span> <span class='ocrx_word' id='word_1_110' title='bbox 985 3424 1016 3432; x_wconf 96' lang='lat'>—</span> <span class='ocrx_word' id='word_1_111' title='bbox 1037 3391 1170 3448; x_wconf 84' lang='lat' dir='ltr'><strong>maximus</strong></span> <span class='ocrx_word' id='word_1_112' title='bbox 1184 3391 1244 3448; x_wconf 81' lang='lat' dir='ltr'><strong>DG</strong></span> <span class='ocrx_word' id='word_1_113' title='bbox 1258 3393 1321 3447; x_wconf 79' lang='lat' dir='ltr'><strong>alii:</strong></span> <span class='ocrx_word' id='word_1_114' title='bbox 1340 3393 1410 3448; x_wconf 88' lang='lat' dir='ltr'><strong>haee</strong></span> <span class='ocrx_word' id='word_1_115' title='bbox 1424 3423 1459 3432; x_wconf 95' lang='lat'>—</span> <span class='ocrx_word' id='word_1_116' title='bbox 1474 3392 1595 3448; x_wconf 79' lang='lat' dir='ltr'><strong>maximo</strong></span> 
     </span>
     <span class='ocr_line' id='line_1_24' title="bbox 853 3481 1593 3540; baseline -0.001 -2"><span class='ocrx_word' id='word_1_117' title='bbox 853 3483 888 3538; x_wconf 84' lang='lat' dir='ltr'><strong>R.</strong></span> <span class='ocrx_word' id='word_1_118' title='bbox 934 3500 958 3540; x_wconf 81' lang='lat' dir='ltr'><strong>ro</strong></span> <span class='ocrx_word' id='word_1_119' title='bbox 978 3483 1050 3536; x_wconf 90' lang='lat' dir='ltr'><strong>hunc</strong></span> <span class='ocrx_word' id='word_1_120' title='bbox 1069 3513 1103 3521; x_wconf 94' lang='lat'>—</span> <span class='ocrx_word' id='word_1_121' title='bbox 1122 3481 1289 3537; x_wconf 64' lang='lat' dir='ltr'><strong>nummatum</strong></span> <span class='ocrx_word' id='word_1_122' title='bbox 1307 3481 1366 3538; x_wconf 83' lang='lat' dir='ltr'><strong>Dc</strong></span> <span class='ocrx_word' id='word_1_123' title='bbox 1385 3482 1540 3537; x_wconf 74' lang='lat' dir='ltr'><strong>aliishaec</strong></span> <span class='ocrx_word' id='word_1_124' title='bbox 1559 3513 1593 3522; x_wconf 98' lang='lat'><em>-</em></span> 
     </span>
     <span class='ocr_line' id='line_1_25' title="bbox 854 3569 1592 3627; baseline -0.004 0"><span class='ocrx_word' id='word_1_125' title='bbox 854 3572 1020 3627; x_wconf 82' lang='lat' dir='ltr'><strong>nominatam</strong></span> <span class='ocrx_word' id='word_1_126' title='bbox 1044 3569 1077 3624; x_wconf 77' lang='lat' dir='ltr'><strong>R.</strong></span> <span class='ocrx_word' id='word_1_127' title='bbox 1224 3587 1249 3626; x_wconf 77' lang='grc' dir='ltr'><strong>ιε</strong></span> <span class='ocrx_word' id='word_1_128' title='bbox 1269 3569 1427 3626; x_wconf 83' lang='lat' dir='ltr'><strong>Luciferum</strong></span> <span class='ocrx_word' id='word_1_129' title='bbox 1447 3572 1516 3627; x_wconf 81' lang='lat' dir='ltr'><strong>Get</strong></span> <span class='ocrx_word' id='word_1_130' title='bbox 1535 3572 1592 3625; x_wconf 82' lang='lat' dir='ltr'><strong>olii.</strong></span> 
     </span>
     <span class='ocr_line' id='line_1_26' title="bbox 854 3659 1368 3717; baseline -0.002 0"><span class='ocrx_word' id='word_1_131' title='bbox 854 3662 953 3717; x_wconf 87' lang='lat' dir='ltr'><strong>hedum</strong></span> <span class='ocrx_word' id='word_1_132' title='bbox 971 3659 1070 3714; x_wconf 85' lang='lat' dir='ltr'><em>DMR.</em></span> <span class='ocrx_word' id='word_1_133' title='bbox 1091 3659 1177 3715; x_wconf 88' lang='lat' dir='ltr'><strong>Eoum</strong></span> <span class='ocrx_word' id='word_1_134' title='bbox 1196 3660 1368 3716; x_wconf 76' lang='lat' dir='ltr'><strong>Bursiauas.</strong></span> 
     </span>
    </p>
   </div>
   <div class='ocr_carea' id='block_1_6' title="bbox 0 0 1964 5806">
    <p class='ocr_par' dir='ltr' id='par_1_7' title="bbox 0 0 1964 5806">
     <span class='ocr_line' id='line_1_27' title="bbox 0 0 1964 5806; baseline 0 5"><span class='ocrx_word' id='word_1_135' title='bbox 0 0 1964 5806; x_wconf 95' lang='lat' dir='ltr'><strong> </strong></span> 
     </span>
    </p>
   </div>
  </div>
 </body>
</html>
