3908 5802
363 439 383 505 6

362 618 417 684 sed
440 619 592 685 monitum
611 619 680 685 volo
702 619 861 699 lectorem,
884 627 961 706 quot
978 619 1160 686 historiolae
1179 621 1219 686 de
1242 619 1447 687 formosarum
1468 617 1642 704 puellarum
1661 637 1767 682 amore
1791 618 1920 700 aegri-

361 725 469 790 tudine
501 727 639 810 pernicie
670 712 765 794 Lesbi
796 728 992 811 potissimum
1024 727 1223 793 circumlatae
1255 727 1325 794 sint.
1380 727 1513 792 Enalnm
1544 733 1577 790 et
1608 723 1763 790 Sminthei
1796 723 1918 788 filiam
1944 747 1945 786 ;

361 831 457 919 (Plut
476 853 561 899 conv.
585 833 646 898 VlI
669 855 733 918 sap.
756 857 787 919 p.
809 835 871 900 163
890 835 924 900 Β.
961 835 1001 900 de
1025 835 1140 900 sollert.
1159 835 1274 899 animal
1297 857 1326 918 p.
1345 835 1410 900 984
1429 833 1464 898 Ε.
1501 833 1616 898 Athen.
1634 831 1679 896 XI
1702 853 1730 915 p.
1751 831 1827 897 780
1850 831 1917 913 G).

360 939 528 1006 Hellenida
555 946 586 1005 et
613 940 766 1006 Lamarrin
789 941 956 1029 (agathias
984 944 1017 1006 in
1043 941 1228 1006 AuthPal.
1252 941 1414 1028 V11614)
1443 942 1543 1024 digito
1570 940 1723 1006 indicasse
1746 943 1799 1004 sat
1835 941 1916 1002 erit.

361 1051 455 1131 atque
481 1069 578 1111 unum
605 1053 689 1113 certe
717 1069 754 1112 ex
786 1048 825 1114 iis
857 1049 912 1132 qui
939 1047 1123 1114 Lesbiorum
1155 1047 1278 1114 fabulas
1310 1049 1478 1114 amatorias
1510 1047 1703 1130 conlegerint
1730 1045 1915 1130 Myrtilum

361 1152 614 1238 Methymnaeam
632 1176 652 1219 a
670 1155 963 1221 Catesterismorum
986 1161 1112 1220 auctore
1136 1155 1251 1221 lectum
1270 1177 1338 1222 esse
1359 1162 1470 1240 postea
1486 1151 1668 1224 videbimus.
1704 1153 1767 1218 iam
1787 1158 1915 1223 restat,

360 1267 397 1324 ut
424 1262 648 1339 examinemus,
679 1283 754 1326 num
781 1283 862 1346 qnae
890 1263 930 1328 de
956 1263 1106 1328 Berenice
1134 1263 1276 1348 Hyginus
1308 1270 1417 1331 narrat
1444 1284 1482 1328 ex
1508 1260 1739 1326 Catasterismis
1765 1257 1915 1324 fluxisse

360 1369 488 1449 possint
534 1369 631 1453 quod,
657 1369 686 1433 si
706 1391 742 1434 re
763 1389 838 1434 vera
861 1368 1079 1435 Eratosthenis
1106 1376 1178 1434 snut
1201 1369 1430 1447 Catesterismi,
1456 1369 1541 1434 nullo
1567 1369 1661 1434 modo
1683 1365 1753 1432 fieri
1780 1374 1912 1450 potest.

360 1495 462 1558 neque
493 1476 578 1540 enirn
607 1475 661 1540 ille
687 1476 728 1540 de
755 1475 919 1542 Berenices
950 1475 1135 1561 parentibus
1166 1483 1232 1542 tum
1264 1477 1388 1561 egregie
1420 1475 1517 1542 falsus
1544 1481 1638 1541 esset:
1670 1495 1743 1539 nem
1771 1473 1912 1558 Magae,

361 1580 552 1666 Cyrenarum
576 1581 668 1666 regis,
690 1603 753 1648 non
776 1589 812 1648 nt
834 1583 975 1668 Hyginus
999 1583 1088 1661 dicit,
1110 1582 1281 1649 Ptolemaei
1303 1581 1369 1649 filia
1391 1581 1452 1649 fuit
1473 1583 1623 1648 Berenice
1642 1573 1819 1664 Εὐεργὲτις
1847 1602 1912 1644 ner

264 1737 268 1744 .
361 1688 483 1776 eoror⁸)
506 1689 612 1753 mariti
635 1689 692 1766 sui,
715 1689 771 1755 sed
793 1691 897 1774 patrui
921 1688 995 1755 filia
1040 1696 1075 1754 at
1097 1689 1150 1755 hic
1172 1711 1261 1754 error
1281 1689 1322 1756 ab
1344 1691 1412 1775 ipso
1431 1689 1565 1774 Hygino,
1591 1689 1646 1772 qui
1669 1687 1794 1770 saepius
1820 1709 1910 1750 nou-

361 1794 449 1859 nulla
477 1796 516 1860 de
543 1795 607 1860 suis
630 1796 747 1862 addere
774 1796 866 1874 solet,
894 1797 1075 1862 commissus
1103 1817 1170 1864 esse
1197 1803 1310 1881 potest.
1356 1798 1412 1862 sed
1438 1797 1517 1862 nihil
1544 1797 1627 1861 inest
1654 1795 1686 1860 in
1713 1795 1909 1860 narratione

362 1901 447 1984 quod
474 1923 537 1968 non
564 1923 603 1966 ex
626 1901 809 1969 Callimachi
832 1903 932 1988 elegia
959 1925 1039 1989 quae
1062 1899 1235 1989 πλόκαμος
1257 1903 1436 1990 Βερενίκης
1457 1902 1701 1978 inscribebatur,
1728 1900 1827 1966 immo
1855 1901 1906 1966 vel

363 2031 401 2072 ex
424 2007 540 2074 Catulli
563 2009 706 2074 versione
728 2011 800 2076 sciri
823 2013 970 2094 potuerit.
1007 2033 1071 2094 qna
1092 2033 1127 2076 re
1149 2033 1219 2076 oum
1238 2011 1280 2076 ad
1298 2011 1537 2077 Catasterismos
1555 2011 1659 2076 redire
1682 2009 1763 2074 hane
1780 2009 1907 2091 capitis

362 2121 484 2198 partem
510 2117 604 2181 certis
631 2117 823 2202 argumentis
850 2119 1059 2183 demonstrari
1086 2123 1234 2203 nequeat,
1266 2119 1349 2183 inter
1375 2119 1480 2202 operis
1510 2118 1594 2182 illius
1621 2117 1799 2200 fragmenta
1830 2137 1905 2180 earn

363 2222 502 2306 recipere
524 2223 619 2288 nolui.

453 2328 567 2408 Verba,
589 2351 670 2415 quae
692 2330 752 2396 sub
776 2331 820 2396 Vl
843 2331 947 2417 posui,
970 2333 997 2398 si
1019 2333 1059 2398 de
1082 2331 1216 2398 lectione
1238 2338 1404 2410 constaret,
1431 2332 1464 2396 in
1487 2329 1719 2396 Oatasterismis
1740 2330 1836 2414 plura
1861 2331 1904 2392 ‹le

364 2435 465 2502 lacteo
497 2437 614 2502 circulo
646 2439 789 2522 exposita
820 2461 887 2505 esse
924 2461 1018 2524 quam
1050 2462 1130 2522 quae
1162 2440 1194 2504 in
1227 2438 1370 2524 Epitome
1401 2440 1532 2523 legimus
1563 2437 1742 2522 probarent.
1797 2441 1834 2500 at
1868 2439 1903 2500 in

366 2543 483 2628 Hygini
502 2545 661 2611 codicibus
675 2545 843 2630 Baginensi
862 2553 894 2612 et
907 2547 1181 2631 Montepessulano
1196 2547 1350 2612 Bmsiauo
1368 2552 1449 2611 teste
1467 2545 1545 2611 haec
1558 2544 1654 2611 verba
1671 2545 1717 2608 ita
1734 2544 1903 2626 leguntur:

363 2651 591 2717 Eratosthenes
617 2653 698 2717 enim
726 2654 803 2718 dicit
829 2654 865 2718 in
891 2653 1054 2718 Mercurio
1076 2675 1100 2718 c.
1121 2677 1150 2736 q.
1170 2674 1194 2719 s.
1241 2655 1347 2738 itaque
1375 2654 1401 2718 si
1428 2675 1463 2718 re
1489 2674 1564 2717 vera
1589 2651 1741 2717 librorum
1770 2650 1901 2715 illorum

364 2762 454 2823 tanta
477 2766 525 2825 θεῖ
546 2762 717 2826 auctoritas
741 2765 859 2844 quanta
881 2762 1006 2826 videtur
1023 2761 1177 2826 Bursiarro
1200 2761 1278 2826 haec
1299 2761 1340 2825 ad
1359 2761 1550 2826 Mercurium
1573 2781 1697 2825 carmen
1721 2757 1903 2824 referenda.

365 2887 384 2929 a
403 2865 635 2932 Oatasterismie
654 2873 759 2932 eutem
778 2867 881 2933 aliena
899 2870 1021 2954 sunt39)
1043 2889 1116 2934 nam
1134 2869 1161 2933 si
1179 2868 1397 2934 Eratosthenis
1416 2868 1543 2932 suerunt
1561 2867 1786 2941 Catrnterismi,
1808 2865 1899 2930 illum

366 2993 455 3037 suurn
479 2974 576 3056 ipsius
599 2995 725 3038 carmen
747 2975 919 3040 testimonii
941 2977 1042 3040 instar
1064 2976 1209 3041 attulisse
1230 2995 1358 3060 prorsus
1380 2974 1564 3040 incredibile
1587 2979 1648 3050 est;
1669 2993 1771 3054 neque
1796 2974 1896 3038 credi-

364 3079 470 3156 bilius,
492 3081 519 3144 si
541 3079 622 3145 liber
644 3102 758 3146 nomen
781 3083 917 3147 auctoris
940 3083 1100 3160 mentitur,
1122 3081 1182 3148 hoc
1204 3105 1224 3148 a
1246 3083 1373 3150 falsario
1397 3081 1515 3146 facturn
1542 3101 1617 3146 esso.
1663 3079 1807 3163 equidem
1831 3101 1889 3144 reu

366 3188 398 3251 in
426 3187 528 3252 medio
556 3187 732 3272 relinquere
760 3189 855 3265 mal03
886 3211 959 3254 nam
986 3207 1173 3278 quamquam
1201 3190 1277 3255 rnihi
1310 3189 1359 3255 vel
1385 3189 1568 3272 Baginensis
1599 3187 1895 3270 interpolationibus

366 3314 472 3359 carere
494 3296 622 3360 minime
641 3296 774 3374 videtur,
798 3297 876 3362 certi
899 3296 1020 3380 aliquid
1043 3295 1209 3362 adfirmare
1228 3319 1290 3362 uon
1308 3296 1417 3373 ausim,
1440 3317 1511 3360 cunr
1533 3294 1699 3360 nemodum
1722 3297 1898 3358 accuratius

368 3401 401 3464 in
424 3401 541 3484 Hygini
563 3403 661 3468 libros
683 3425 777 3468 manu
801 3405 934 3488 scriptos
956 3404 1162 3489 inquisiverit

454 3508 588 3574 Versum
614 3531 705 3592 quern
733 3511 791 3575 sub
818 3510 833 3575 l
861 3511 1012 3596 adscripsi
1038 3516 1135 3588 recte,
1162 3511 1222 3576 nisi
1246 3511 1350 3575 emnia
1372 3509 1495 3586 fallunt,
1518 3509 1559 3576 ad
1581 3508 1750 3592 Erigonam
1774 3508 1899 3572 rettulit

367 3614 506 3678 llillerus
528 3615 547 3680 l.
570 3617 590 3680 l.
618 3639 646 3700 p.
673 3617 748 3693 105;
775 3640 964 3704 quamquam
991 3619 1075 3684 enim
1102 3619 1185 3683 iuter
1208 3619 1502 3683 Catasterismorum
1524 3616 1701 3700 fragmenta
1724 3621 1756 3679 et
1777 3613 1898 3679 Musaei

367 3728 399 3785 ct
418 3721 546 3786 Hesiodi
564 3743 671 3788 versus
694 3724 881 3790 adverbum
900 3725 1071 3808 exscriptos
1094 3725 1276 3801 invenimus,
1299 3731 1404 3789 tamen
1422 3723 1641 3788 Eratosthenis
1659 3743 1766 3786 versus
1788 3721 1820 3784 in
1842 3721 1899 3786 illo

368 3847 462 3911 opere
485 3830 625 3894 extitisse
647 3851 710 3895 non
732 3831 832 3915 magis
855 3831 1005 3897 credibile
1028 3837 1085 3908 est,
1112 3853 1206 3916 quarn
1228 3831 1408 3897 historiolae
1431 3852 1469 3896 ex
1492 3829 1575 3895 illius
1598 3827 1787 3893 carminibus
1808 3849 1898 3911 repe·

367 3933 443 3998 titas
465 3934 569 4011 fuisse,
592 3937 715 4020 quade
738 3959 772 4002 re
795 3939 887 4004 modo
910 3939 1007 4004 locuti
1031 3960 1144 4004 sumus
1191 3939 1298 4022 itaque
1324 3939 1406 4003 lrnnc
1428 3958 1550 4002 versum
1577 3956 1641 3999 una
1668 3933 1800 3998 fumasse
1826 3956 1897 4000 cum

368 4042 574 4123 praecedente
601 4043 767 4109 historiola
792 4045 919 4111 aliunde
946 4046 1080 4129 petitum
1103 4065 1170 4109 esse
1193 4047 1325 4128 adparet
1347 4066 1448 4128 neque
1472 4049 1520 4108 est
1542 4063 1597 4108 cur
1621 4041 1777 4125 Hyginum
1800 4041 1897 4123 ipsam

368 4147 538 4232 Erigonam
561 4149 673 4233 legisse
691 4172 847 4234 negemus,
867 4152 951 4237 qnod
969 4174 1094 4218 carmen
1112 4152 1221 4238 primis
1238 4173 1268 4235 p.
1288 4151 1359 4216 Chr.
1378 4149 1510 4216 saeculis
1528 4149 1666 4214 nondum
1684 4147 1896 4213 oblitteratum

458 4487 479 4552 Β)
497 4485 586 4542 Huius
615 4488 714 4543 erroris
742 4489 844 4559 duplex
872 4489 947 4558 origo
972 4489 1086 4559 cogitari
1109 4497 1212 4560 potest3
1241 4495 1288 4546 aut
1312 4485 1383 4544 enim
1407 4485 1525 4557 scriptor
1546 4485 1698 4543 Berenicen
1723 4485 1894 4558 Cyrenaicum

370 4589 430 4628 cnm
454 4575 588 4631 Berenice
613 4578 764 4633 Ptolemaei
787 4578 963 4648 Philadelphi
987 4579 1058 4646 lilia,
1083 4580 1214 4637 Antiochi
1237 4579 1349 4635 secundi
1373 4595 1457 4633 uxore
1481 4577 1603 4632 confudit
1627 4587 1674 4633 aut
1697 4577 1797 4632 Catulli
1819 4593 1842 4634 v.
1860 4583 1894 4634 22

369 4663 416 4718 seri
433 4665 534 4730 fratrae
551 4666 637 4733 flebile
656 4667 802 4722 rinadium
821 4669 893 4723 male
912 4667 1058 4724 intellexit.

459 4754 479 4824 ⁹)
498 4755 575 4810 Haec
595 4763 637 4810 θεῖ
655 4756 756 4812 Hilleri
774 4757 912 4812 sententia
930 4757 947 4810 l.
968 4758 986 4812 l.
1006 4775 1031 4827 p.
1053 4760 1081 4828 73
1110 4767 1230 4814 ceterum
1255 4775 1315 4814 curn
1334 4757 1459 4828 Hyginus
1482 4763 1593 4827 praeter
1611 4755 1798 4812 Eratosthenis
1816 4759 1892 4816 Cata·

370 4843 509 4898 sterismos
533 4844 616 4898 alium
636 4862 743 4915 quoque
766 4845 880 4912 librum,
903 4845 932 4899 in
951 4863 1004 4916 quo
1023 4846 1134 4902 fabulae
1153 4850 1189 4903 ad
1208 4847 1299 4903 sidera
1318 4853 1475 4918 spectantes
1494 4853 1640 4901 enarratae
1659 4856 1749 4912 erant,
1769 4849 1891 4918 compila-

371 4932 441 4988 verit
459 4931 504 4999 (cl.
522 4932 612 5002 Epim.
633 4934 682 5000 ll),
706 4934 776 4988 nihil
802 4935 905 5002 obstat,
931 4935 1073 5005 quominus
1097 4953 1130 4992 ea
1154 4954 1223 5007 quae
1247 4953 1281 4992 cx
1300 4936 1492 4992 Eratosthenis
1515 4935 1681 4992 carminibus
1704 4936 1794 4992 adfert
1818 4937 1891 4998 illinc

370 5021 482 5078 fluxisse
502 5027 636 5092 putemus,
655 5023 709 5078 uisi
728 5023 799 5080 torte
818 5024 878 5095 ipse
898 5031 926 5080 et
944 5025 1112 5084 Mercurium
1132 5032 1161 5084 et
1178 5027 1316 5097 Erigonen
1335 5026 1409 5097 legit.
