3906 5800
16 335 17 430 t
225 371 679 444 senor.em.o.p.1er,1r.
730 387 735 396 ·
1063 425 1070 440 ,
1123 379 1253 434 uramus
1272 379 1306 445 11,
1325 381 1367 436 er.
1553 384 1615 450 165

85 3115 114 3169 25
163 3085 402 3176 Aristomachus·
444 3117 551 3176 autem
600 3113 690 3190 dicit,
744 3135 815 3189 eum
912 3112 1147 3178 Aristomachus
1174 3119 1280 3178 autem
1308 3113 1385 3177 dicit
1408 3115 1609 3196 quendem25

122 3221 247 3298 propter
282 3215 431 3282 iniuriam
467 3217 629 3284 cuiusdam
659 3222 748 3303 pueri
781 3222 814 3286 in
867 3221 981 3286 Ostrea
1003 3219 1100 3285 fuisse
1122 3220 1249 3297 Thebis,
1271 3219 1438 3286 Pindarus
1461 3230 1565 3286 autem

19 3334 23 3351 ¹
122 3320 278 3388 Thebaide
313 3322 380 3388 Iovi
412 3325 559 3408 Neptuno
593 3333 625 3392 et
657 3326 814 3393 Mercurio
866 3327 1034 3393 ininsula
1060 3324 1145 3391 Obie.
1170 3326 1254 3392 hunc
1275 3332 1394 3403 autem,
1418 3349 1487 3392 cum
1510 3326 1563 3391 Io-

122 3427 228 3495 bovem
251 3429 442 3510 immolasse,
469 3432 556 3498 euius
583 3433 671 3500 bovis
694 3435 813 3500 corium
868 3457 935 3500 vem
959 3440 991 3499 et
1013 3433 1205 3498 Mercurium
1226 3432 1364 3516 hospitio
1387 3434 1565 3516 recepisset,

123 3536 248 3602 induere
280 3543 313 3602 et
347 3537 470 3604 urinum
501 3545 612 3624 potere
644 3541 686 3606 sit
712 3540 813 3606 iussus
867 3542 983 3626 petisse
1005 3539 1045 3606 eb
1068 3540 1132 3618 his,
1160 3547 1195 3605 ut
1222 3539 1282 3605 sibi
1305 3540 1425 3622 aliquid
1449 3540 1563 3604 libero-

85 3648 153 3706 ³0et
177 3643 294 3710 idcireo
322 3644 423 3710 fectus
450 3647 492 3711 sit
519 3649 754 3730 supereminens
781 3654 814 3714 et
867 3671 936 3714 rum
971 3653 1160 3714 nosceretur.
1201 3646 1309 3729 itaque
1341 3667 1403 3730 quo
1440 3646 1607 3712 faciliusto

122 3755 246 3834 propter
267 3753 393 3818 urinam
415 3753 513 3820 Orion
535 3756 723 3822 nominatus.
866 3757 1002 3840 petitum
1027 3756 1225 3838 impetraret,
1252 3753 1363 3820 bovem
1386 3754 1563 3819 immolasse

484 3847 486 3854 Α
866 3868 899 3929 et
931 3863 981 3928 his
1016 3883 1074 3947 pro
1111 3860 1210 3944 epulis
1246 3861 1437 3943 adposuisse.
1479 3860 1563 3944 quod

865 3991 934 4036 cum
953 3969 1087 4046 fecisset,
1109 3966 1288 4052 poposcisse
1305 3967 1411 4032 Iovem
1429 3972 1462 4032 et
1480 3965 1562 4031 Mer-

864 4076 986 4144 curium
1021 4075 1105 4160 quod
1141 4075 1259 4140 corium
1295 4075 1335 4138 de
1366 4073 1445 4139 bove
1480 4073 1563 4140 foret

865 4183 1051 4259 detractum,
1069 4187 1111 4259 et,
1130 4182 1215 4264 quod
1233 4180 1374 4247 fecerunt
1391 4179 1511 4256 urinae,
1529 4180 1607 4243 in35

864 4291 984 4354 corium
1008 4288 1159 4354 infudisse
1186 4295 1219 4354 et
1241 4289 1275 4354 id
1298 4288 1355 4353 sub
1379 4293 1465 4353 terra
1487 4288 1561 4370 poni

899 4483 1030 4555 lippinus
1052 4483 1239 4538 Aristomachi
1260 4485 1278 4537 i.
1303 4500 1324 4537 e.
1350 4477 1606 4537 Oatasterbmorr‘rm

864 4575 1026 4648 manationi
1044 4574 1138 4627 aliem
1157 4572 1287 4626 admr'ecet
1305 4571 1424 4637 sonasse
1437 4589 1471 4625 err
1486 4570 1608 4626 Rudarr'

864 4663 1045 4732 dithyrambis
1067 4666 1186 4730 surrepta.
1209 4661 1274 4714 hiric
1297 4675 1405 4727 quoque
1426 4659 1533 4725 factum
1552 4677 1607 4715 esee

16 4781 18 4818 t
860 4758 939 4822 puro,
958 4758 990 4807 ut
1009 4751 1136 4819 Neptuni
1153 4749 1253 4803 mentio
1272 4749 1372 4803 embra
1389 4749 1432 4803 eit.

116 4853 137 4892 io
153 4841 250 4896 Cetrec
264 4841 519 4904 BDMR..Grctee
533 4842 565 4895 P.
598 4842 761 4897 Gatherecm
783 4842 817 4896 G.
841 4841 945 4912 Hyries
963 4840 1143 4895 Muucberue.
1179 4839 1270 4907 recepi
1294 4837 1387 4891 Gatrei
1408 4854 1507 4892 uomere
1529 4839 1605 4892 Bur·

87 4923 152 4981 tiano
170 4930 322 4999 obsecutus,
347 4946 517 5000 quamquam
540 4949 601 4986 cum
624 4932 705 4986 ceteri
727 4937 805 4986 testes
827 4937 885 4985 tum
906 4929 1021 4985 Ovidius
1046 4929 1111 4995 fast.
1136 4927 1231 4982 V499
1252 4927 1322 4981 miro
1345 4943 1480 4984 eorummet
1498 4927 1607 4998 Hyriea

16 5051 17 5088 3
88 5019 223 5074 ruminent.
297 5037 323 5078 ee
340 5020 487 5080 Pindarus:
507 5038 530 5076 c.
549 5020 650 5092 [φαμι.
670 5024 704 5076 51
722 5020 820 5094 Beryti.
893 5035 919 5078 ee
937 5018 1101 5093 recepisset:
1120 5016 1287 5090 suscepisset
1305 5017 1339 5072 R.
