3956 5792
219 439 318 492 Senon¹
337 437 430 492 Gran.
450 437 481 490 (Ι.
501 452 527 505 p.
548 438 607 502 169,
628 437 668 493 18.
1115 435 1244 490 Hrernoe
1263 436 1298 502 ΙΙ,
1317 438 1359 490 35.
1546 438 1605 500 171

912 1153 977 1218 Alii
1004 1159 1110 1218 eutem
1137 1152 1219 1256 Ioorj
1248 1173 1357 1216 eonem
1384 1173 1452 1218 esse
1477 1152 1565 1216 dixe-

869 1267 952 1336 runt,
975 1261 1013 1325 de
1036 1281 1099 1342 quo
1121 1264 1195 1324 omn
1218 1259 1366 1324 diotimus.

1184 1471 1234 1537 111,
1252 1472 1295 1526 34.

27 1589 28 1608 ¹
81 1589 107 1640 ιο
160 1579 267 1644 Habet
285 1584 392 1644 autem
406 1579 513 1644 stellas
526 1579 559 1642 in
574 1579 677 1662 eapite
691 1580 715 1656 Ι,
734 1601 815 1662 quoe
913 1581 973 1646 Hic
996 1580 1090 1646 Canio
1108 1579 1206 1646 habet
1223 1580 1256 1643 in
1273 1579 1382 1662 lingua
1399 1579 1523 1645 stellam
1540 1579 1566 1658 Ι,
1577 1590 1610 1644 10

116 1685 175 1752 Isis
204 1686 334 1762 dieitur,
361 1686 491 1762 clarem,
517 1687 551 1752 in
578 1686 686 1769 lingua
711 1707 816 1764 unam,
869 1709 950 1770 quoe
972 1687 1064 1752 stella
1087 1686 1180 1752 Oanis
1203 1684 1390 1768 adpellatur,
1412 1687 1444 1750 in
1464 1689 1566 1769 eapite

115 1814 210 1875 quam
228 1791 345 1858 Sirium
363 1793 413 1858 rel
426 1793 543 1859 Cenem
560 1800 681 1871 vocant,
703 1814 817 1876 magna
868 1801 975 1860 eutem
1002 1794 1148 1869 altorem,
1175 1813 1268 1875 quam
1296 1792 1439 1857 nonnulli
1461 1792 1567 1858 Sirion

116 1900 244 1985 quidem
275 1906 324 1966 eet
350 1906 383 1964 et
409 1899 587 1982 splendida,
616 1900 649 1964 in
672 1900 752 1966 eollo
776 1900 817 1974 11,
870 1901 1039 1984 adpellant,
1058 1901 1096 1966 de
1114 1919 1176 1982 quo
1192 1899 1286 1979 prius
1304 1898 1452 1964 enimes.
1475 1922 1567 1984 pree·

115 2005 145 2068 in
176 2006 311 2090 singulis
343 2007 459 2072 umeris
491 2006 629 2090 singulae
661 2006 817 2084 obscures,
870 2013 958 2074 terea
974 2007 1073 2073 hebet
1094 2007 1128 2072 in
1145 2007 1286 2089 utrisque
1303 2004 1434 2072 auribus
1460 2008 1567 2091 singu·

81 2114 146 2176 ltin
169 2120 300 2197 pectore
327 2113 372 2189 ΙΙ,
399 2113 431 2177 in
460 2113 612 2179 anteriori
638 2114 719 2197 pede
742 2113 817 2178 sini·
870 2114 918 2180 loe
940 2114 1049 2180 stellae
1071 2113 1234 2192 obscuras,
1261 2115 1294 2176 in
1316 2119 1443 2196 pectore
1466 2113 1511 2190 II,
1534 2115 1566 2178 in
1579 2125 1611 2176 lt

116 2225 179 2284 stro
194 2219 256 2298 ΙΙΙ,
275 2221 307 2284 in
326 2220 438 2284 dextro
453 2219 467 2284 Ι
482 2220 608 2298 olorem,
626 2220 660 2285 in
676 2225 817 2286 extremo
869 2221 950 2305 pede
964 2220 1080 2303 ‘priori
1111 2220 1173 2297 111,
1204 2221 1237 2284 in
1268 2219 1482 2305 intereoopilio
1510 2220 1567 2298 111,

116 2347 210 2409 supra
234 2327 363 2394 dorsum
385 2326 447 2403 ΙΙΙ,
469 2327 502 2391 in
525 2332 633 2392 ventre
656 2324 697 2404 ss,
719 2327 752 2393 in
775 2327 816 2391 si·
870 2328 903 2391 in
926 2327 1053 2393 sinistro
1076 2325 1183 2392 lumbo
1199 2326 1225 2404 I,
1248 2327 1281 2390 in
1299 2328 1379 2410 pedo
1397 2325 1567 2409 posteriori

117 2435 216 2500 nintro
249 2433 367 2500 femore
399 2433 428 2510 Ι,
464 2433 497 2497 in
532 2434 701 2519 posteriori
737 2435 817 2518 pede
870 2432 894 2510 Ι,
926 2433 959 2498 in
990 2433 1071 2517 pede
1102 2433 1214 2498 dextro
1238 2434 1265 2511 Ι,
1297 2434 1328 2498 io
1361 2434 1463 2498 caude
1494 2433 1566 2498 1111.

117 2541 245 2606 sinistro
265 2539 290 2618 Ι,
308 2541 342 2606 in
360 2540 541 2606 summitate
558 2541 677 2607 caudae
695 2542 718 2607 Ι.
737 2541 818 2606 fiunt
871 2541 997 2606 omnino
1020 2538 1105 2605 XIX.

81 2648 244 2714 nonsimul
266 2647 334 2713 XX.

110 3343 182 3399 Dedi
199 3360 235 3399 ex
255 3343 284 3396 S.
303 3344 334 3396 in
354 3342 379 3398 G
397 3343 464 3396 hoec
481 3343 542 3396 rota
559 3341 640 3396 verba
665 3341 749 3395 habet
768 3357 816 3394 ou·
906 3357 931 3396 u
950 3340 1073 3395 auritus:
1094 3340 1157 3410 lepit
1175 3336 1260 3394 ὠτῐυυ
1279 3359 1330 3408 pro
1348 3335 1435 3408 ὤμου.
1538 3359 1564 3395 re
1583 3340 1612 3394 in

84 3441 128 3485 ten
199 3431 348 3501 splendida
367 3437 477 3498 extant,
502 3431 606 3484 omnnio
624 3429 651 3483 in
672 3429 763 3498 capite
783 3459 816 3468 —
871 3430 957 3484 cando
977 3430 1031 3482 1111
1051 3435 1083 3484 ot
1100 3431 1190 3483 nostri
1206 3430 1346 3497 Epitomeo
1364 3430 1469 3484 codices
1488 3435 1512 3482 et
1530 3429 1611 3483 rotet.

84 3519 181 3574 clarem.
211 3520 261 3574 sed
289 3535 350 3573 rum
377 3521 444 3574 hoec
466 3521 534 3574 satio
559 3525 689 3574 nectente
712 3535 773 3571 enm
796 3517 819 3571 S
872 3518 961 3573 Germ.
988 3519 1054 3572 xlx
1073 3518 1113 3572 R.-
1136 3518 1245 3572 debebat
1265 3519 1330 3582 ΧΧ,
1354 3526 1386 3573 ot
1403 3517 1611 3584 DGVltobent

84 3612 261 3678 consentiant,
300 3608 479 3663 Strozzr'anun
516 3614 605 3662 cetera
641 3623 748 3675 quoque
783 3623 817 3660 er
872 3607 919 3662 sed
937 3607 1000 3661 colli
1017 3613 1043 3660 et
1061 3608 1163 3660 ventnt
1180 3607 1273 3662 sullae
1291 3608 1406 3662 omissae
1423 3613 1497 3661 sunt.

85 3696 322 3766 Sanpernramnoir
341 3697 488 3768 archetypo
507 3697 605 3751 tabere
623 3697 738 3750 videtur.

114 3803 136 3841 re
153 3788 179 3840 io
201 3788 298 3841 dextro
319 3787 330 3839 1
351 3787 465 3842 cleram:
488 3787 606 3851 sortasse
620 3792 686 3854 port
704 3803 729 3840 re
747 3785 818 3853 pede

85 3874 183 3930 sinistro
203 3877 215 3930 Ι
236 3875 393 3930 traiciendo
411 3881 485 3929 sunt.
