3920 5806
325 371 391 435 222

322 551 456 633 adparet
474 555 579 614 autem
598 550 813 614 Ptolemaeum
831 549 1061 631 Hegesianacta
1080 554 1111 614 et
1126 548 1333 631 Hermippum
1352 569 1422 612 cum
1436 547 1534 610 Arato
1553 547 1629 610 satis
1648 546 1772 626 inepte
1793 560 1885 606 com·

229 739 234 752 .
322 662 505 741 paraturum
520 656 625 733 fuisse,
643 657 704 721 nisi
723 663 756 721 et
775 657 834 739 ipsi
853 656 992 720 carmina
1006 655 1248 740 scripsissent.⁵)
1268 654 1343 736 quid
1359 654 1441 738 quod
1455 653 1698 736 Hegesianactei
1716 647 1886 715 carminis

324 764 386 829 duo
404 762 540 828 frustula
558 764 607 828 vel
625 764 720 829 bodie
739 770 864 828 servata
882 784 949 828 esse
967 763 1051 827 idem
1069 763 1150 827 vidit
1163 761 1351 838 Meinekius3
1371 767 1480 826 extant
1498 781 1536 825 ea
1553 760 1637 843 apud
1651 753 1887 823 Plutarchum

324 870 363 934 de
390 870 470 935 facie
498 872 531 934 in
560 869 635 934 orbe
662 870 755 934 lunae
783 892 812 953 p.
836 870 901 934 920
924 869 951 934 lt
974 875 1057 953 etp.
1082 868 1143 932 921
1170 868 1204 933 B.
1237 872 1270 932 in
1298 870 1407 934 eodem
1433 868 1531 951 igitur
1558 867 1696 932 carmine
1730 863 1886 936 fabulae,

324 998 456 1062 quarum
473 999 625 1042 smnmam
644 976 786 1060 Hyginus
806 976 933 1054 indicat,
951 975 1046 1041 latius
1065 976 1225 1060 expositae
1244 980 1342 1052 erant,
1360 975 1444 1040 unde
1463 975 1610 1040 discimus
1628 971 1887 1058 Hegesianacta

323 1085 357 1150 in
384 1084 540 1150 sideribus
568 1083 761 1168 explicandis
788 1084 830 1148 ad
857 1083 1083 1166 mythologiam
1110 1083 1233 1166 saepius
1260 1083 1434 1166 respexisse
1462 1103 1556 1165 quam
1584 1083 1730 1147 Aratum.
1771 1097 1885 1160 neque

325 1191 410 1256 casui
434 1191 635 1256 tribuendum
659 1210 726 1254 esse
749 1198 835 1274 puto,
858 1190 943 1272 quod
967 1211 1074 1254 omnes
1097 1211 1175 1273 quas
1199 1210 1236 1252 ex
1259 1187 1487 1273 Hegesianacte
1510 1191 1652 1253 novimus
1675 1187 1820 1252 fabulas
1839 1184 1883 1248 ad

324 1297 463 1363 Atticam
486 1304 643 1382 spectant3
671 1319 744 1361 nam
766 1297 902 1380 primum
926 1295 1159 1362 Genicularium
1182 1295 1336 1362 Theseum
1363 1317 1431 1361 esse
1454 1295 1615 1362 contendit
1637 1297 1782 1377 eiusque
1811 1311 1885 1356 csse
1929 1325 1930 1328 ¹

324 1425 395 1470 cum
410 1403 563 1470 Coronam
578 1409 645 1468 tum
658 1403 782 1488 Lyram,
801 1425 881 1488 quae
895 1423 992 1487 prope
1008 1411 1190 1479 cernuntur3
1209 1402 1406 1486 Ophiuchum
1420 1425 1478 1487 pro
1494 1401 1693 1468 Carnabonta
1708 1401 1885 1467 Getarum

324 1532 398 1595 rege
420 1511 541 1588 habuit,
564 1510 726 1595 Sophoclis
746 1510 893 1587 fabulam,
916 1512 965 1575 cui
990 1505 1209 1595 Τριπτόλεμος
1231 1512 1345 1575 titulus
1367 1517 1425 1587 est,
1448 1511 1481 1573 in
1503 1531 1594 1574 usum
1618 1531 1709 1574 suum
1736 1527 1883 1573 conver-

324 1623 407 1696 tens3
436 1617 764 1683 01115431111011.
792 1639 829 1683 ac
855 1617 989 1683 fortasse
1012 1618 1196 1700 primariam
1223 1638 1346 1702 quoque
1374 1616 1513 1682 eiusdem
1541 1615 1667 1680 fabulae
1693 1634 1882 1700 personam

326 1727 407 1790 inter
434 1726 538 1790 sidera
564 1725 738 1807 indagavit,
765 1724 1006 1808 Triptolemum:
1038 1745 1110 1790 nam
1134 1745 1205 1788 cum
1227 1723 1370 1807 Hyginus
1392 1724 1432 1788 de
1457 1717 1598 1788 Geminis
1621 1722 1743 1788 scribat
1773 1721 1809 1786 ΙΙ
1836 1719 1880 1783 22

324 1854 353 1916 p.
378 1830 471 1920 65,1
501 1830 650 1894 nonnulli
676 1831 771 1894 etiam
796 1831 1035 1912 Tnplolcruum,
1063 1852 1154 1911 quem
1180 1850 1280 1910 supro
1308 1831 1462 1908 dicimus,
1490 1835 1519 1894 el
1546 1830 1682 1895 Iasiona
1706 1853 1728 1895 a
1759 1827 1880 1894 Cerere

326 1937 453 2002 dilectos
475 1941 504 2000 et
527 1937 571 2002 ad
593 1937 700 2002 110010
718 1937 873 2016 perlator,
897 1939 1134 2020 Hegesiauaotis
1158 1938 1348 2001 sententiam
1370 1935 1482 2002 referri
1505 1957 1568 2002 non
1591 1938 1697 2020 inepte
1721 1935 1877 2002 conicere

326 2044 404 2108 mihi
428 2043 543 2109 videor.
576 2044 751 2126 Aquarium
775 2045 909 2126 denique
933 2045 1155 2109 Deucalionem
1182 2065 1249 2109 esse
1278 2045 1372 2120 dixit,
1399 2064 1492 2126 quem
1514 2043 1656 2108 Athones
1684 2041 1877 2124 confirgisse

326 2149 432 2235 ibique
454 2156 486 2215 et
508 2150 668 2216 habitasse
691 2155 724 2215 et
746 2151 903 2234 sepultum
927 2171 994 2216 esse
1017 2150 1131 2216 Cranai
1153 2151 1236 2233 regis
1259 2153 1324 2215 sive
1347 2152 1480 2216 amioum
1504 2152 1568 2215 sive
1590 2155 1714 2234 patrem
1738 2147 1875 2230 saepius

327 2263 487 2334 narratur3
511 2279 538 2322 r.
562 2257 672 2322 Marm.
696 2257 766 2322 Par.
790 2257 810 2321 l.
834 2259 862 2322 6.
887 2257 1018 2322 Pausan.
1042 2257 1056 2321 I
1084 2257 1171 2334 18,9
1196 2258 1340 2341 Apollod.
1364 2256 1530 2335 11114,6,
1552 2259 1579 2322 1.
1611 2263 1755 2324 ceterum·
1774 2255 1872 2337 Nigi-

326 2367 396 2430 dius
423 2385 547 2448 quoque
579 2386 660 2448 quae
692 2365 731 2429 de
760 2364 951 2430 Deucalione
983 2363 1082 2429 refert
1113 2363 1223 2449 (schol.
1248 2363 1351 2428 Germ.
1375 2364 1427 2429 BP
1453 2387 1482 2448 p.
1508 2363 1563 2441 85,
1585 2364 1741 2442 13-86,
1763 2361 1805 2447 3)
1836 2381 1873 2424 ex

325 2472 564 2556 Hegesianactis
591 2473 729 2536 carmine
753 2471 951 2555 exscripsisse
975 2472 1107 2536 videtur.
1140 2471 1224 2535 hunc
1246 2476 1353 2535 autem
1375 2471 1605 2554 Hegesianaeta
1627 2471 1763 2535 eundem
1790 2488 1872 2542 esse,

327 2579 381 2660 qui
403 2579 488 2662 apud
511 2577 702 2645 Antiochum
725 2579 874 2661 Magnum
896 2599 1026 2662 magnos
1050 2578 1183 2644 honores
1206 2579 1340 2661 adeptus
1363 2577 1404 2644 sit
1427 2584 1459 2643 et
1483 2578 1683 2662 Cephallenia
1702 2573 1873 2658 Gergithii

326 2706 491 2768 personam
513 2688 665 2752 mentitus
688 2681 816 2771 Τρωικά
839 2686 1067 2768 conscripserit,
1089 2689 1214 2749 tantum
1232 2706 1295 2750 non
1313 2691 1434 2750 certum
1452 2689 1508 2750 est.
1540 2706 1611 2750 nam
1631 2685 1871 2768 Hegesiauacta

243 2840 245 2844 .
327 2791 416 2856 illum
439 2813 478 2857 ex
504 2792 626 2858 Troade
653 2792 901 2858 Alexandrinum
929 2799 960 2858 et
987 2791 1147 2876 scripsisse
1175 2773 1313 2856 carmina
1341 2799 1373 2858 et
1395 2793 1543 2857 recitasse
1565 2792 1718 2857 Demetrii
1742 2788 1870 2872 Scepsii

326 2899 508 2964 narratione
535 2899 619 2982 apud
647 2898 844 2964 Athenaeum
871 2898 915 2964 Vl
938 2921 968 2981 p.
995 2897 1058 2963 155
1081 2898 1108 2963 Β
1134 2904 1415 2964 servata-constat
1447 2899 1485 2964 cf.
1509 2898 1624 2963 Miiller
1646 2898 1680 2963 T.
1699 2897 1738 2962 H.
1758 2897 1799 2962 G.
1821 2893 1868 2958 lll
1929 2909 1930 2922 ¹

327 3028 357 3089 p.
382 3005 432 3072 68.

418 3112 466 3176 Ex
492 3113 593 3178 altero
621 3133 758 3196 quoquo,
785 3113 872 3178 cuius
899 3113 932 3177 in
960 3113 1132 3178 Ptolomaei
1160 3113 1385 3196 epigrammate
1412 3111 1529 3176 mentio
1557 3109 1607 3187 fit,
1642 3111 1864 3195 Φαινομένων

328 3224 469 3296 auctore,
497 3220 713 3304 Hermippo,
740 3219 818 3286 duas
845 3219 1041 3286 narrationes
1064 3219 1207 3304 Hyginus
1235 3219 1353 3296 adfert;
1381 3225 1453 3284 sunt
1481 3239 1536 3284 eae
1563 3219 1603 3284 de
1628 3217 1762 3282 Iasionis
1790 3216 1862 3282 filiis

329 3326 502 3390 Philomelo
526 3331 558 3390 et
580 3326 673 3390 Pluto
701 3325 745 3391 IV
769 3349 797 3410 p.
821 3327 873 3404 38,
891 3327 1054 3414 4-161)
1083 3333 1115 3392 et
1142 3328 1181 3393 de
1209 3327 1330 3405 Ariete,
1357 3325 1465 3390 Liberi
1491 3327 1525 3390 in
1552 3325 1660 3390 Africa
1687 3327 1780 3400 duce,
1804 3321 1861 3388 XX

329 3455 358 3516 p.
378 3433 429 3509 60,
449 3433 540 3496 25-
554 3433 606 3509 61,
624 3434 677 3511 20,
700 3455 833 3517 quarum
855 3433 988 3498 alteram
1007 3427 1102 3498 etiam
1121 3435 1266 3518 Nigidius
1285 3433 1415 3517 Figulus
1438 3431 1547 3518 (schol.
1568 3432 1671 3496 Germ.
1690 3431 1742 3496 BP
1761 3454 1790 3514 p.
1811 3431 1860 3503 80,

331 3539 402 3604 8—
414 3539 471 3620 20)
490 3539 575 3603 haud
594 3539 688 3604 dubie
707 3562 745 3604 ex
763 3541 873 3605 eodem
887 3540 1059 3624 Hermippo
1077 3549 1194 3606 narrat.
1219 3561 1257 3606 ex
1275 3541 1402 3605 scholiis
1421 3539 1546 3605 Arateis
1564 3539 1768 3622 intellegitur,
1786 3535 1859 3620 quid

329 3643 412 3710 idem
432 3645 471 3710 de
489 3645 646 3730 Delphino
665 3647 755 3712 etde
774 3637 931 3712 Cent‘auro
953 3647 1075 3732 Araque
1092 3645 1273 3732 protuleiit:
1300 3647 1341 3712 ad
1359 3667 1386 3713 v.
1406 3646 1470 3710 316
1488 3669 1518 3729 p.
1540 3647 1590 3722 79,
1609 3646 1659 3708 24.
1680 3635 1859 3728 Ἕρμιππος

331 3752 366 3816 δὲ
394 3751 539 3840 (φησίν),
567 3743 620 3817 ὅτι
648 3750 703 3817 ἐπὶ
732 3745 940 3830 Ἀπόλλωνος
966 3761 1042 3838 τιμῇ
1071 3745 1466 3840 (10111εατηστέρισταιὸ
1491 3751 1628 3836 Δελφίν)
1655 3743 1858 3838 ἡγησαμένου

329 3860 455 3946 Κρησὶν
484 3857 530 3936 εἰς
556 3850 705 3940 Δελφοὺς
733 3860 862 3940 δελφῖνι
891 3852 1128 3943 ὁμοιωθέντος.
1140 3863 1166 3945 ⁷)
1199 3867 1231 3926 01
1257 3861 1298 3924 ad
1327 3881 1352 3924 v.
1376 3860 1441 3923 436
1470 3881 1499 3942 p.
1524 3859 1643 3936 89,11.
1678 3849 1783 3922 1111ον
1806 3864 1856 3942 (sc

418 4197 438 4264 ⁵)
459 4198 541 4266 Fugit
560 4199 610 4252 hoc
631 4198 809 4270 Droysenium
829 4197 1013 4252 HcHenismus
1033 4199 1073 4254 lll
1092 4216 1119 4268 p.
1138 4201 1170 4254 51
1190 4199 1281 4253 adnot.
1301 4201 1326 4252 2.

419 4305 439 4362 8l
458 4303 620 4372 Scrupulum
639 4311 736 4369 movet,
757 4305 828 4373 quod
847 4313 909 4374 post
928 4306 1106 4375 Hermippum
1132 4305 1223 4360 statim
1247 4305 1392 4358 Petellides
1412 4303 1532 4358 Gnosius
1549 4303 1729 4358 interieram
1746 4305 1857 4371 scriptor

331 4391 498 4457 nominatur,
526 4392 633 4460 ignotus
662 4393 821 4462 ceteroquin
848 4402 955 4460 auctor,
985 4395 1061 4450 cuius
1089 4411 1123 4448 ne
1151 4409 1247 4449 nomen
1277 4393 1385 4462 quidem
1415 4399 1533 4460 constat;
1562 4392 1640 4460 quid,
1669 4393 1741 4460 quod
1764 4391 1855 4446 sideris

331 4481 492 4549 explicatio,
517 4481 540 4535 si
559 4481 649 4535 obiter
666 4481 806 4550 inspicias,
826 4499 879 4536 101
900 4499 932 4536 ex
952 4483 1111 4553 Hermippo,
1132 4485 1181 4551 qui
1199 4483 1232 4538 de
1249 4483 1384 4536 11001111νο
1402 4483 1518 4549 empsit,
1538 4482 1586 4536 sed
1606 4498 1639 4536 ex
1659 4483 1709 4536 hoc
1729 4480 1856 4536 Petellide

265 4637 269 4646 Δ
332 4569 449 4639 proferri
474 4569 589 4625 videtur.
617 4577 647 4624 11
670 4587 730 4624 cunr
755 4571 899 4641 Hermippi
924 4572 1073 4641 explicatio
1096 4573 1196 4627 omissa
1219 4587 1279 4626 esse
1302 4578 1433 4639 nequeat,
1458 4577 1547 4625 statuo
1572 4576 1661 4646 uum·
1678 4570 1854 4624 narrationem

331 4659 367 4714 10
385 4659 464 4712 illum
482 4659 653 4715 referendam
675 4675 747 4724 esse,
770 4661 915 4716 Petellidis
934 4668 1025 4716 autem
1045 4661 1229 4716 testimonium
1249 4661 1283 4715 de
1303 4658 1453 4714 Philomelo
1472 4667 1578 4715 tantum
1597 4659 1732 4728 Plutoque
1751 4657 1854 4720 adferri

332 4749 366 4802 de
395 4747 493 4816 quibus
520 4749 547 4803 ei
575 4766 635 4804 curn
663 4750 814 4818 Hermippo
843 4751 1030 4804 conveniebat.
1069 4757 1189 4806 ceterum
1217 4749 1360 4805 Petellidis
1387 4749 1513 4804 notitiam
1540 4749 1570 4804 ni
1597 4748 1679 4804 fallor
1705 4765 1739 4802 ex
1767 4748 1853 4802 eodan

333 4837 466 4907 scriptore
485 4838 608 4908 Hyginus
627 4839 728 4905 hausit,
748 4855 781 4893 ex
802 4855 854 4908 quo
874 4841 956 4894 etiam
975 4839 1121 4909 Hermippi
1140 4839 1324 4894 narrationem
1344 4838 1496 4908 descripsit.

421 4947 503 5012 ἲ)111
526 4944 589 5000 MV.
612 4935 655 4999 ὅτι
684 4941 729 5000 ἐπὶ
756 4941 925 5009 ,111011ονος
952 4951 1018 5016 τιμῇ
1046 4941 1173 5017 ἡγήσατο
1198 4947 1306 5016 Κρησὶν
1330 4944 1370 5009 εἰς
1394 4940 1520 5014 Δελφούς
1543 4945 1685 5000 Bekkerus
1708 4959 1851 5014 perperam.
