3908 5802
1547 445 1590 512 25

56 629 173 710 θησαν
200 625 249 690 vel
281 624 381 690 simile
409 625 492 709 quid.
542 623 650 689 eadem
682 621 801 688 habent
832 624 951 689 scholia
978 624 1095 691 Aratea
1121 625 1163 690 ad
1189 647 1216 690 v.
1242 623 1305 690 172
1332 647 1361 709 p.
1384 624 1437 702 67,
1461 625 1479 689 7
1506 617 1527 712 ἢ
1555 625 1590 692 a

55 733 280 816 προσωνυμία
308 731 409 810 ἐστὶν,
437 722 489 796 ὅτι
516 721 578 796 τὸν
606 725 769 796 Διόνυσον
796 721 1044 814 άνεθρέψαντο·
1072 723 1149 818 Ἵής
1173 732 1207 796 δὲ
1232 724 1251 797 ὃ
1275 726 1442 809 Διόνυσος.
1496 740 1592 817 atque

56 840 171 904 eodem
198 840 306 923 procul
335 839 430 904 dubio
458 843 601 922 spectant
628 837 723 904 verba
749 839 930 922 interpretis
958 838 1149 916 Germanici,
1176 859 1256 923 quae
1283 840 1345 904 iam
1373 860 1468 922 supra
1495 863 1525 923 p.
1549 840 1589 905 21

56 947 100 1009 ad
127 945 365 1012 Catasterismos
387 947 565 1014 rettulimus
588 968 617 1028 p.
643 945 693 1021 lb,
717 945 735 1010 8
758 945 897 1027 Hyadas
920 945 1103 1026 capellata,
1129 947 1214 1028 qaod
1236 951 1380 1010 nascente
1401 946 1515 1012 Libere
1538 967 1593 1012 eas

56 1053 223 1116 inuenerit.
273 1061 308 1117 at
334 1075 372 1118 ex
399 1053 449 1118 his
475 1052 694 1137 adpellationis
722 1073 816 1118 eausa
847 1072 909 1117 non
940 1053 1140 1136 perspiritum
1173 1053 1290 1116 diserte
1317 1053 1400 1116 onim
1428 1052 1592 1118 dicendum

56 1167 130 1224 erat
157 1159 304 1224 Liberum
333 1161 421 1245 Hyen
453 1165 665 1244 nuiioupatum
697 1180 777 1230 esse:
808 1159 915 1244 itaque
946 1165 1003 1240 aut
1030 1159 1179 1224 nonnulla
1206 1159 1389 1224 exciderunt
1415 1165 1472 1224 aut
1498 1159 1593 1224 verba

56 1273 210 1350 corrupta
232 1272 314 1332 sunt.
354 1267 457 1350 pergit
480 1266 620 1331 Eudoeia
642 1257 662 1352 ἢ
686 1256 737 1330 ὅτι
756 1257 865 1330 ὑετῶν
884 1263 1097 1352 ἐπισημασίας
1121 1267 1293 1354 δηλοῦσιν·
1316 1267 1424 1331 eadem
1449 1268 1481 1330 in
1504 1267 1591 1332 scho-

56 1373 111 1438 liis
136 1374 262 1439 Arateis
285 1380 317 1437 et
339 1372 569 1439 Basilsensibus
593 1374 737 1456 legimus;
766 1373 900 1456 denique
924 1364 943 1458 ἢ
968 1368 1053 1438 διότι
1075 1379 1124 1458 τῷ
1151 1375 1181 1438 l'
1200 1377 1351 1456 στοιχείῳ
1373 1386 1593 1458 παρεμφερεῖς

59 1479 133 1544 εἰσί,
172 1480 285 1544 desunt
307 1481 386 1544 haec
408 1481 439 1544 in
464 1479 589 1545 scholiis
612 1479 851 1557 Basileeusibus‚
873 1481 928 1545 sed
952 1486 1061 1544 extant
1084 1480 1116 1544 in
1138 1478 1264 1544 Arateis
1287 1480 1328 1544 ad
1351 1501 1377 1542 v.
1403 1479 1466 1545 172
1488 1501 1518 1562 p.
1542 1480 1593 1556 oo,

58 1588 99 1650 41
129 1585 167 1650 ἐκ
190 1594 261 1650 τῶν
286 1583 345 1650 δύο
369 1594 527 1672 γραμμῶν
550 1593 611 1652 τοῦ
632 1588 663 1652 Υ
682 1588 858 1671 στοιχείου·
883 1583 916 1652 αἱ
938 1576 1000 1671 γάρ
1015 1579 1125 1662 Ὑάδες
1147 1593 1249 1651 τοῦτο
1267 1576 1307 1650 τὸ
1328 1598 1491 1668 στοιχεῖον
1510 1577 1593 1652 ciae-

58 1689 260 1776 μιμούμεναι
283 1685 322 1757 τὸ
346 1689 500 1778 ταύρειον
524 1685 725 1758 ἀποτελοῦσι
748 1689 942 1778 πρόσωπον.
981 1684 1033 1758 διὸ
1051 1693 1108 1756 καί
1126 1715 1214 1770 τινες
1233 1685 1349 1770 Ὑάδας
1367 1684 1469 1769 αάτάς
1492 1688 1593 1757 ἔνθεν

61 1794 220 1882 eteocle)
258 1805 290 1864 et
312 1822 381 1864 cum
404 1801 562 1866 Eudociae
586 1806 680 1883 eaput
702 1807 866 1882 praeterea
888 1807 989 1864 totum
1013 1821 1051 1864 ex
1070 1799 1302 1864 Catasterismis
1325 1798 1460 1876 fluxerit,
1483 1800 1593 1865 eodem

62 1906 143 1970 haec
174 1927 297 1990 quoque
325 1907 420 1971 verba
451 1908 554 1972 redire
587 1929 679 1990 quam
711 1907 846 1972 maxime
879 1913 927 1972 est
953 1909 1019 1971 veri
1047 1906 1156 1971 simile.
1206 1905 1282 1989 quid
1310 1906 1395 1990 quod
1422 1908 1530 1972 eadem
1561 1908 1595 1972 in

64 2011 190 2077 scholiis
217 2013 447 2078 Basileeasibus
479 2035 553 2080 casu
583 2021 707 2078 territum
739 2013 936 2080 intercidisse
968 2035 1007 2078 ex
1032 2012 1149 2096 Hygini
1180 2011 1357 2077 fabularum
1389 2013 1492 2096 eapite
1522 2013 1593 2089 192,

63 2120 148 2200 (lund
172 2121 338 2184 maximam
365 2127 486 2200 partem
509 2141 548 2184 ex
570 2120 695 2185 scholiis
723 2120 785 2184 illis
808 2119 1032 2204 interpolatum
1054 2141 1121 2184 esse
1144 2119 1279 2196 ostendi,
1306 2140 1367 2184 non
1391 2121 1496 2203 inepta
1519 2140 1594 2184 con-

63 2227 190 2290 cludere
213 2227 289 2290 mibi
308 2227 425 2292 videor.
461 2248 533 2292 uam
558 2227 620 2292 illic
643 2227 719 2310 legis
742 2249 771 2310 p.
793 2228 864 2303 122,
884 2227 926 2290 24
945 2225 1088 2292 Schmidt
1105 2227 1237 2307 quidam
1255 2225 1348 2290 αιίιιιί
1366 2226 1401 2290 ia
1418 2227 1545 2290 cadam
1570 2225 1601 2290 Y

64 2333 188 2398 litterae
206 2335 347 2414 positae
369 2335 443 2398 inde
465 2335 603 2415 Hyadas
626 2335 697 2398 dici.
735 2353 814 2417 quae
837 2353 907 2398 cnm
930 2333 977 2398 ita
999 2332 1071 2410 sint,
1093 2339 1195 2398 totum
1218 2333 1295 2398 illud
1320 2332 1477 2398 Eudociae
1501 2339 1596 2416 caput

63 2441 148 2504 inter
170 2439 462 2505 Catasterismorum
489 2441 664 2524 fragmenta
691 2441 889 2504 referendum
916 2461 982 2506 esse
1009 2439 1143 2504 videtur.
1187 2461 1257 2504 eum
1284 2441 1359 2504 verri
1384 2459 1485 2521 neque
1512 2438 1596 2504 illius

65 2554 169 2612 aetate
197 2547 335 2630 integros
364 2547 602 2614 Catasterismos
629 2547 771 2612 extitisse
799 2545 890 2611 focile
917 2546 1103 2612 crediderim
1130 2568 1230 2629 neque
1261 2545 1322 2612 hoe
1349 2551 1443 2632 eaput
1469 2545 1596 2611 aliunde

65 2661 223 2736 sumptum
254 2677 322 2720 esse
348 2651 447 2738 'quam
479 2661 584 2720 cetera
615 2675 694 2738 quae
725 2653 831 2719 adfert
863 2652 1156 2748 Catasterismorum
1188 2651 1323 2718 frustula
1354 2650 1518 2735 probabile
1545 2653 1596 2728 sit,

65 2761 152 2824 illam
175 2766 207 2824 et
229 2760 328 2843 ipsam
351 2761 518 2844 Epitomen
540 2761 646 2844 paullo
669 2761 850 2844 ampliorem
874 2760 986 2844 legisse
1009 2767 1122 2826 statuo.

155 2867 294 2932 Tandem
316 2869 485 2952 aliquando
507 2868 598 2933 venio
621 2868 662 2933 ad
684 2867 829 2932 scholia
851 2867 1004 2943 Aratea,
1026 2888 1106 2950 quae
1129 2867 1191 2932 iam
1214 2866 1339 2949 saepias
1362 2867 1395 2932 in
1417 2874 1597 2932 transcursu

67 2975 311 3042 commemoravi.
357 2976 433 3039 satis
457 2975 573 3040 multae
597 2977 628 3038 in
651 2975 714 3040 illis
737 2973 938 3039 inveniuntur
960 2974 1094 3050 fabulae,
1121 2993 1202 3056 quae
1224 2973 1265 3040 ad
1287 2973 1416 3039 verbum
1439 2975 1504 3040 fore
1527 2997 1596 3040 eum

70 3083 213 3164 llpitome
236 3081 447 3157 coissentiunt3
475 3103 552 3167 quas
579 3082 718 3165 singulas
741 3101 922 3146 enumerare
944 3081 1023 3146 nihil
1050 3080 1178 3156 attinet,
1206 3102 1274 3144 eum
1304 3082 1386 3144 inter
1408 3080 1596 3148 Catasteris-

70 3211 190 3254 morum
216 3189 405 3272 Fragmenta
437 3209 542 3252 omnes
575 3189 722 3268 iiiveniss.
771 3189 806 3253 id
837 3195 958 3253 tantum
992 3209 1101 3252 nimieo
1133 3195 1182 3251 ter
1214 3187 1330 3252 diserte
1356 3187 1597 3255 Eratosthenem

70 3295 222 3360 nominari
249 3297 290 3382 (v.
314 3294 377 3359 225
409 3317 438 3379 p.
464 3296 589 3370 70,18.
620 3319 647 3360 v.
670 3295 736 3360 402
762 3319 791 3379 p.
816 3295 866 3372 86,
890 3295 940 3358 35.
974 3317 999 3358 v.
1022 3295 1086 3358 469
1115 3317 1143 3378 p.
1167 3295 1220 3371 94,
1241 3293 1286 3378 4).
1337 3294 1461 3358 videtur
1492 3301 1597 3359 autem

71 3402 124 3485 qui
146 3402 224 3466 baec
246 3401 364 3466 scholia
386 3403 567 3485 composuit,
589 3425 652 3467 non
671 3403 836 3486 Epitomen
856 3409 988 3478 tantum,
1011 3403 1065 3466 sed
1089 3402 1227 3484 integros
1247 3400 1485 3466 Catasterismos
1504 3423 1599 3466 manu

70 3509 223 3573 babuisse.
274 3531 345 3574 nam
378 3533 458 3594 quae
486 3533 512 3574 v.
535 3512 574 3574 ol
611 3533 639 3592 p.
663 3511 714 3586 GO,
743 3510 872 3574 23-26
900 3511 939 3574 de
969 3510 1090 3574 Arcade
1121 3514 1298 3584 narrantur,
1326 3529 1363 3572 ea
1390 3507 1453 3572 iam
1480 3509 1598 3573 dudum

70 3617 183 3700 Hygini
208 3623 239 3680 et
262 3616 443 3700 interpretis
462 3617 639 3682 Germanioi
663 3616 841 3682 testimonie
860 3616 921 3680 nisi
938 3617 979 3680 ad
999 3613 1235 3680 Catasterismos
1253 3616 1444 3691 rettulimus;
1466 3621 1500 3678 at
1518 3615 1620 3681 hane·

70 3723 207 3787 fabulam
235 3746 335 3807 neque
361 3730 469 3788 nostra
492 3725 636 3806 Epitome
664 3723 803 3798 exhibet,
830 3743 931 3806 neque
958 3723 1001 3798 ei,
1028 3722 1083 3805 qui
1110 3723 1262 3806 ampliore
1285 3722 1429 3806 Epitome
1455 3721 1505 3786 usi
1532 3743 1600 3786 esse

70 3833 227 3907 videntur,
263 3832 436 3896 Eudociuun
468 3831 538 3898 dieo
570 3837 601 3894 et
637 3830 826 3896 scholiorum
858 3829 1171 3912 Sangermanensium
1209 3833 1381 3905 auctorem,
1417 3835 1598 3910 agnoscunt.

72 3937 188 4020 Myrtili
209 3960 332 4022 queque
357 3939 573 4022 fragmentum,
591 3938 675 4019 quod
698 3937 817 4002 scholia
834 3936 1026 4001 Basileensia
1048 3957 1087 4000 ex
1105 3935 1336 4000 Catasterismis
1359 3935 1482 4000 adferre
1506 3957 1600 4019 supra

72 4043 252 4108 ‹lubitanter
275 4045 424 4128 suspicati
448 4066 562 4121 sumus,
585 4067 654 4110 cum
678 4045 760 4110 idem
783 4043 814 4107 in
839 4044 965 4110 scholiis
989 4044 1115 4108 Arateis
1138 4045 1338 4134 inveniamus,
1360 4063 1386 4107 ε.
1414 4044 1476 4106 172
1499 4065 1528 4126 p.
1548 4043 1600 4119 67,

76 4154 110 4215 11
143 4143 161 4214 ὁ
191 4151 225 4215 δὲ
249 4153 416 4235 Μυρτίλος
442 4144 502 4228 τάς
524 4147 665 4234 Κάδμου
693 4149 879 4235 θυγατέρας
907 4151 961 4236 (sc.
986 4141 1103 4226 Ὑάδας
1130 4151 1211 4236 φησί
1236 4147 1408 4234 γενέσθαι)
1436 4150 1497 4212 iam
1526 4149 1601 4213 illue

73 4279 192 4322 sumina
214 4279 283 4322 cum
312 4257 427 4324 fiducia
453 4259 624 4324 referimus.
670 4265 703 4322 at
731 4259 897 4322 videndum
921 4263 983 4334 est,
1009 4278 1050 4321 an
1075 4257 1139 4322 alia
1161 4276 1285 4341 quoque
1308 4255 1600 4320 Catasterismorum

73 4367 246 4448 fragmenta
273 4368 304 4429 in
332 4365 382 4430 his
410 4366 535 4432 scholiis
563 4367 690 4430 lateant.
744 4372 839 4448 atque
865 4370 992 4448 praeter
1020 4386 1070 4440 ea,
1102 4385 1183 4446 quae
1211 4370 1266 4427 out
1293 4362 1438 4445 Epitome
1465 4363 1601 4427 servavit

71 4482 126 4539 aut
148 4496 186 4538 ex
209 4473 346 4556 Hygino,
373 4473 499 4537 scholiis
522 4473 555 4538 in
578 4473 810 4547 Germanicum,
832 4471 974 4536 Eudocia
996 4472 1171 4548 elicuimus,
1198 4471 1388 4552 fragmenta,
1416 4491 1509 4534 uriam
1532 4475 1601 4534 bm-

71 4591 136 4646 tum
161 4581 307 4665 indagavi
330 4579 539 4656 historiolam,
561 4602 642 4662 quse
666 4581 739 4644 illuc
761 4579 864 4644 redire
887 4580 1039 4643 videatur.
1086 4585 1133 4643 est
1156 4599 1193 4642 ea
1215 4579 1254 4642 de
1280 4578 1421 4642 Dracone
1444 4578 1484 4640 ad
1508 4597 1534 4640 v.
1557 4577 1601 4641 46

71 4714 100 4773 p.
118 4689 171 4766 ol,
191 4689 208 4752 7
234 4687 370 4772 με’ρεται
394 4687 427 4750 di
452 4687 528 4770 περὶ
551 4695 612 4750 τοῦ
635 4683 825 4772 Δράκοντος
848 4686 904 4750 καί
922 4677 1088 4771 Κρητικὸς
1110 4691 1231 4769 μῦθος·
1257 4680 1411 4758 ἐπιόντος
1434 4681 1517 4746 ποτὲ
1540 4687 1602 4747 τοῦ

74 4793 207 4884 Κρόνου
227 4789 245 4861 ὁ
265 4787 346 4870 Ζευς
366 4786 560 4881 εὐλαβηθείς
580 4787 701 4859 ἑαυτὸν
719 4794 779 4877 μίν
800 4793 845 4870 είς
865 4788 1032 4879 δράκοντα
1050 4785 1296 4877 μετεμόρφωσε,
1319 4781 1378 4867 τάς
1401 4789 1435 4854 δὲ
1455 4779 1602 4874 τροφοὺς

160 5027 193 5098 ⁵⁰)
214 5029 256 5082 lta
274 5027 337 5084 MV.
357 5024 430 5092 τινὲς
447 5025 501 5096 μὲν
520 5016 571 5084 οὖν
589 5027 677 5098 φασίν
695 5045 739 5084 οιι
758 5022 803 5084 διὰ
822 5029 907 5083 τοῦτο
926 5019 1028 5090 ταύτας
1043 5018 1140 5090 Ὑάδας
1159 5013 1238 5080 εἶπεν
1256 5021 1407 5080 Bekkerus.
