3908 5802
1568 455 1607 520 ll

66 633 160 715 quod
184 633 260 698 satis
283 633 397 698 mirum
424 639 485 711 est,
516 631 701 717 praesertim
728 653 797 698 eum
825 631 931 716 paullo
953 637 1047 698 antea
1069 632 1102 698 iu
1125 631 1336 716 disputatione
1362 655 1399 699 ex
1423 632 1607 702 Catasteris-

65 743 135 806 mis
157 741 271 808 hausta
294 743 403 808 eadem
426 740 531 827 opinio
555 742 616 806 iam
640 741 787 818 indicata,
809 741 865 806 sed
883 740 990 806 statim
1008 739 1125 806 reiecta
1143 741 1192 806 sit
1237 741 1300 806 iam
1321 741 1461 818 observa,
1484 765 1608 826 quaeso,

65 849 302 914 sententiarum
325 851 446 933 copiam
468 850 501 913 in
525 853 674 934 quattuor
696 847 746 912 bis
769 847 1002 913 narrationibus
1025 848 1157 927 obuiam,
1180 848 1344 914 considera
1366 849 1489 914 dicendi
1511 872 1608 934 genus

65 981 125 1031 oo,
154 957 239 1040 quod
261 958 443 1042 plerumque
465 957 498 1020 in
521 955 571 1020 his
594 955 719 1020 scholiis
742 956 891 1032 occurrit,
919 955 1016 1020 multo
1043 954 1171 1020 uberius
1194 951 1466 1038 atque'ornatius3
1495 959 1608 1022 desunt

64 1086 207 1140 errores,
230 1063 343 1148 quibus
366 1063 538 1147 particulae
562 1083 708 1144 egraeco
728 1063 899 1128 translatae
918 1063 982 1127 fere
1001 1068 1134 1136 scatent3
1157 1062 1316 1127 simillima
1334 1068 1382 1128 est
1401 1065 1502 1130 oratio
1520 1065 1606 1148 frag-

63 1173 189 1236 mentis
211 1171 395 1253 Nigidianis.
440 1176 477 1235 ut
498 1193 561 1235 uno
587 1161 683 1234 verba
709 1171 895 1253 transigam,
922 1173 1071 1254 quattuor
1097 1169 1157 1234 hae
1180 1171 1378 1234 narrationes
1401 1176 1433 1236 et
1456 1171 1542 1255 ipsae
1569 1193 1607 1236 ex

62 1279 204 1360 Nigidio
226 1277 391 1343 fluxerunt
1216 1265 1219 1274 ’

166 1387 210 1452 hc
236 1409 276 1450 ne
302 1386 419 1469 primia
447 1385 574 1470 quidem
600 1385 661 1449 hoc
687 1389 806 1460 statue,
834 1385 994 1448 sedidem
1019 1385 1136 1450 dudum
1158 1405 1178 1446 a
1197 1383 1377 1448 Woelfflino
1400 1385 1454 1465 (de
1477 1385 1511 1449 L.
1531 1384 1606 1449 Am·

61 1495 149 1578 polii
177 1493 258 1558 libro
286 1493 460 1558 memoriali
486 1515 516 1574 p.
540 1493 582 1556 24
610 1491 648 1577 s.)
677 1497 709 1556 et
735 1514 755 1556 a
778 1491 950 1556 Biicbelero
978 1490 1101 1575 (Rhein.
1130 1489 1208 1554 Mus.
1237 1489 1315 1554 XIII
1343 1513 1372 1573 p.
1403 1491 1464 1555 111
1494 1491 1530 1576 s.)
1560 1493 1606 1555 in-

60 1603 232 1666 tellectum
256 1606 311 1665 est.
357 1603 411 1682 qui
434 1621 504 1664 eum
527 1599 558 1662 in
578 1597 712 1682 Ampelii
736 1599 839 1680 capite
862 1599 962 1662 altero
985 1599 1086 1662 omnia
1112 1619 1158 1673 oa,
1182 1620 1262 1681 quae
1285 1597 1317 1662 in
1340 1596 1467 1662 scholiis
1487 1598 1606 1681 Nigidii

62 1710 199 1772 nomino
217 1709 411 1791 praescripto
429 1711 607 1780 narrantur,
625 1707 777 1770 contineri
796 1705 956 1780 vidissent,
974 1709 1074 1770 totum
1093 1704 1153 1768 hoe
1171 1709 1265 1788 eaput
1283 1725 1321 1768 ex
1335 1703 1462 1786 Nigidio
1481 1703 1607 1770 fluxisse

64 1815 246 1878 rectissime
268 1815 503 1887 statuerunt.²⁴)
536 1814 598 1878 iam
616 1833 689 1877 vero
707 1812 869 1895 Ampelius
893 1834 909 1876 e
933 1817 1082 1894 quattuor
1105 1812 1176 1887 illis,
1199 1811 1371 1893 dequibus
1394 1812 1486 1876 modo
1510 1813 1605 1878 locuti

65 1944 190 1996 sumus,
208 1921 378 1986 historiolis
397 1921 514 2002 tres’l)
533 1919 670 1995 exhibet,
689 1920 771 1983 urrde
787 1941 838 1982 eas
858 1939 981 2001 quoque
1000 1917 1184 2000 Nigidianae
1202 1939 1269 1982 esso
1288 1918 1449 1982 evincitur.
1472 1918 1606 1983 alterum

64 2052 136 2094 non
160 2029 367 2112 spernendum
391 2028 546 2110 opinionis
569 2033 694 2092 nostrae
717 2025 947 2090 lineamentum
973 2047 1010 2089 ex
1033 2025 1184 2090 Dositheo
1207 2025 1273 2108 peti
1299 2030 1416 2107 potest,
1448 2047 1549 2109 neque
1572 2026 1606 2091 id

64 2135 288 2200 Woelfflinum
311 2135 405 2218 iugit3
437 2135 492 2200 sod
515 2134 661 2200 camille
684 2133 743 2198 hac
766 2133 798 2196 in
821 2155 855 2196 re
883 2133 975 2198 nimis
1002 2132 1106 2196 brevis
1133 2133 1188 2208 sit,
1216 2154 1272 2196 rios
1298 2131 1405 2214 paullo
1428 2132 1605 2197 accuratius

63 2243 311 2326 disputabimus.
356 2240 525 2307 Dositbeus
552 2241 649 2324 igitur
673 2239 798 2309 fabulis,
827 2261 904 2321 quas
931 2261 970 2302 ex
997 2239 1114 2321 Hygini
1139 2237 1337 2320 Genealogiis
1366 2259 1399 2302 so
1422 2238 1605 2322 compilasse

63 2353 141 2433 ipse
159 2354 303 2424 testatur,
322 2354 471 2434 quattuor
489 2349 594 2431 capita
616 2347 778 2430 praemisit
800 2345 840 2410 ab
861 2345 983 2428 Hygino
1001 2345 1165 2426 aliena²⁶l
1203 2367 1336 2428 quorum
1355 2351 1502 2428 quartum
1521 2347 1605 2428 quod

64 2461 108 2523 de
136 2459 300 2523 duodecim
323 2456 419 2538 signis
446 2456 514 2538 agit
546 2475 689 2537 magnam
717 2459 840 2537 partem
867 2474 905 2516 ex
932 2451 1060 2536 Nigidio
1089 2449 1213 2517 finiisse
1240 2451 1407 2517 verborum
1435 2473 1514 2535 quae
1542 2453 1605 2516 iam

64 2566 230 2660 adponam
253 2561 445 2645 comparatio
469 2561 607 2628 docebit:

179 2757 388 2819 Dosrrunvs.⁹³l
549 2757 683 2812 Nrerorvs
707 2757 832 2810 Frovnvs
859 2773 890 2808 ru
913 2755 1013 2808 Senon.
1038 2755 1128 2808 Genu.
1294 2757 1443 2808 Anrnurvs
1461 2753 1496 2807 11.

272 2865 291 2917 1.
765 2863 913 2931 p.so‚1a.

116 2963 219 3055 Κριὸς
243 2961 294 3036 ὅτι
313 2963 420 3058 πηγὴν
445 2995 495 3036 ευ-
594 2971 704 3056 (aries)
745 2991 822 3034 casu
865 2971 1026 3049 repentino
1071 2970 1129 3032 ad·
1227 2970 1313 3032 ories
1374 2968 1403 3032 ei
1461 2966 1604 3052 (Libero)

69 3101 131 3162 ριν
161 3070 397 3162 ὁδοιποροῦντι
423 3081 496 3144 Διο-
547 3080 661 3157 pererit
683 3076 892 3158 [liberareque
914 3081 942 3139 ct
965 3077 1131 3140 exercitum
1185 3096 1304 3156 equum
1327 3074 1561 3139 demortstrenit.

72 3181 175 3267 rniop.
549 3185 616 3248 dua
647 3184 691 3247 ud
722 3205 842 3267 equom
877 3184 1030 3247 diviuitas
1056 3204 1130 3262 per-

550 3291 649 3360 aaut

268 3397 302 3450 u.
764 3413 790 3464 p.
810 3395 851 3459 rr,
873 3397 912 3448 ra

123 3507 246 3588 Ταῦρος
280 3496 344 3568 ὑπὸ
376 3505 494 3570 Ποσει·
592 3503 673 3567 butte
696 3503 850 3590 (taurum)
873 3503 1000 3583 Iupiter
1027 3525 1049 3565 ο
1067 3503 1128 3566 Ne·
1226 3507 1340 3564 taurus
1354 3503 1498 3582 beneficio
1508 3501 1604 3576 Ionia,

70 3613 182 3680 deiros
205 3617 254 3694 τῷ
277 3612 327 3674 Διὶ
355 3627 495 3694 σοοεχοι-
545 3617 647 3692 ptuuo
665 3609 821 3694 frat-roffi)
840 3611 958 3673 dicitur
977 3631 1036 3689 per
1053 3629 1128 3690 pro·
1183 3630 1273 3690 οιιοοι
1286 3609 1410 3690 Iupiter
1424 3609 1605 3688 aNcptuno

161 3877 193 3934 ³⁴)
215 3878 373 3946 Ampelium
396 3895 448 3932 non
472 3877 577 3933 scholia
599 3877 628 3932 in
652 3877 855 3941 Germanicum,
885 3877 932 3930 sed
958 3875 1045 3944 ipsum
1071 3873 1210 3942 Nigidium
1235 3873 1425 3942 exscripsisse,
1454 3883 1483 3928 et
1506 3891 1540 3928 ex
1564 3865 1605 3929 eis

70 3983 143 4032 qrrso
162 3982 245 4034 supra
263 3967 462 4036 disputavimus
481 3967 573 4022 elucet
591 3973 619 4021 et
637 3965 747 4021 invictis
767 3964 934 4034 argumentis
952 3964 1073 4018 ostendit
1091 3963 1260 4018 thhelerus
1279 3963 1296 4017 1.
1316 3979 1337 4016 s.
1356 3981 1382 4032 p.
1403 3966 1461 4018 180.

162 4055 195 4106 'lt
214 4055 357 4124 Ampelius
376 4056 496 4109 Aristaei
521 4055 642 4110 falurlam
666 4055 765 4109 omisit.
802 4055 874 4124 quod
897 4069 961 4108 vero
984 4052 1153 4107 thhelcrur
1177 4069 1202 4120 p.
1229 4053 1279 4105 180
1307 4069 1469 4120 quemquam
1494 4059 1606 4121 praeter

71 4143 230 4210 Ampelium
254 4143 383 4198 Geminos
406 4161 455 4213 pro
480 4144 599 4198 Hercule
624 4151 652 4198 et
676 4144 782 4198 Theseo
807 4141 935 4198 habuisse
958 4141 1081 4210 negavit,
1106 4157 1180 4194 moro
1203 4156 1295 4194 errore
1319 4139 1421 4194 factum
1446 4157 1506 4194 esse
1528 4149 1603 4210 puto.

72 4232 189 4284 eandem
208 4232 279 4284 enim
303 4232 515 4301 explicationem
539 4233 568 4286 in
591 4232 702 4287 scholiis
721 4231 748 4286 in
772 4231 977 4296 Germanicum,
1002 4231 1095 4300 procul
1115 4229 1197 4284 dubio
1222 4245 1256 4283 ex
1275 4227 1398 4298 Nigidio,
1422 4229 1525 4284 adferri
1549 4230 1603 4284 iarn

71 4335 155 4388 supra
174 4321 273 4374 monui.

162 4407 194 4469 ⁹⁰)
213 4409 375 4464 Woelffliuo
395 4413 543 4466 concedere
558 4410 634 4464 nullo
649 4412 728 4464 modo
742 4427 852 4480 possum
866 4412 934 4464 haoc
951 4425 1058 4478 quoquc
1072 4407 1233 4462 Dositheum
1249 4423 1283 4461 cx
1298 4406 1406 4476 Hygino
1421 4407 1604 4476 excerpsisse;

70 4513 134 4551 nam
158 4497 180 4552 si
204 4499 253 4552 ille
272 4499 412 4567 Nigidium
435 4500 561 4569 legisset,
586 4507 660 4554 certe
684 4500 711 4554 in
731 4499 887 4567 astrologia
910 4498 1094 4562 adhibuisset;
1124 4496 1195 4566 qnod
1220 4513 1299 4550 secus
1321 4496 1425 4549 sactum
1450 4513 1509 4550 esse
1532 4496 1605 4551 inter

69 4601 165 4641 ornnes
189 4595 303 4642 constat.
345 4589 456 4643 fabulae
476 4591 527 4644 133
546 4597 575 4644 et
595 4590 659 4653 197,
683 4604 750 4658 quas
769 4587 946 4642 Woelfflinus
969 4586 1106 4656 Hygiaum
1131 4584 1242 4652 Nigidio
1266 4585 1366 4638 debere
1390 4591 1482 4651 putat,
1507 4602 1540 4638 ex
1564 4586 1604 4639 eis

70 4682 143 4740 erint,
163 4692 241 4745 quae,
261 4684 291 4730 nt
310 4678 400 4733 adnot.
423 4680 455 4732 18
475 4677 576 4743 monui,
597 4677 781 4747 interpolatae
800 4663 916 4732 suntor
936 4675 1048 4732 scholiis
1067 4674 1096 4728 in
1115 4672 1318 4729 Germanicum.

160 4765 193 4830 ²¹)
216 4765 342 4820 Dosithei
365 4767 548 4836 fragmentum
577 4767 650 4836 apud
674 4765 871 4835 Bocchingium
896 4764 1031 4832 (Dosithoi
1054 4761 1180 4832 magistri
1203 4762 1509 4830 interpretamentorum
1533 4763 1606 4817 liber

71 4852 168 4908 tertius
187 4855 299 4910 Bonnae
319 4856 398 4913 1862)
417 4863 506 4924 extat3
525 4873 597 4911 nuno
617 4855 783 4912 Schmidtius
802 4870 910 4924 quoque
931 4852 1032 4924 Hygini
1050 4852 1205 4908 tabularum
1224 4849 1339 4904 editioni
1358 4851 1488 4920 praefixit
1506 4870 1532 4921 p.
1547 4853 1603 4906 LV.

159 4943 193 5011 ²¹¹)
211 4943 320 5012 Jupiter
342 4943 475 5012 Neptuno
501 4943 590 5012 frater
612 4947 665 5000 BP.
691 4961 758 5000 corr.
781 4941 977 5012 Kiessliugius,
1007 4941 1084 4998 cuim
1113 4939 1271 4996 coniectura
1300 4939 1412 4995 scholiis
1440 4940 1604 4996 Strozzianis

71 5031 253 5088 confirmatur.

1377 5119 1394 5174 2
