3920 5806
312 389 378 457 238

309 569 414 636 rismis
441 575 711 647 commemoretur,
739 590 820 652 quae
848 567 906 634 sub
930 567 1060 652 Virgine
1083 565 1130 634 IX
1151 565 1313 652 leguntur,
1341 589 1379 634 ea
1406 591 1444 634 ex
1471 563 1653 651 Theogonia
1676 588 1702 632 v.
1725 563 1784 633 901
1818 571 1871 632 et

311 676 468 761 Operibus
495 699 521 742 v.
546 675 624 755 256,
652 699 714 760 quo
742 677 776 741 in
803 698 893 742 versu
919 675 1093 762 παρθένος
1120 675 1286 740 falsissime
1313 675 1354 740 ad
1381 676 1467 741 sidus
1494 674 1627 741 Hesiodi
1652 674 1870 760 temporibus

310 805 437 868 prorsus
464 786 606 868 ignotum
634 783 818 861 referretur,
847 785 1033 867 deprompta
1061 803 1128 848 esse
1155 783 1223 847 dixi
1250 783 1283 846 in
1311 782 1569 849 adnotationibus
1596 781 1638 848 ad
1661 781 1868 848 Catasteris-

310 913 433 958 morum
459 891 638 976 fragmenta
664 914 694 975 p.
720 892 770 956 82.
802 897 925 957 restant
952 895 1017 956 tres
1044 889 1172 956 fabulae
1187 891 1238 984 ,de
1267 889 1351 955 Ursa
1377 890 1496 954 maiore
1517 889 1534 954 I
1562 889 1644 975 (Cat
1667 888 1705 954 fr.
1727 911 1756 973 p.
1777 889 1869 976 50),

310 999 350 1064 19
378 997 488 1062 Phrixi
515 999 614 1064 ariete
641 997 718 1062 XIX
745 997 835 1086 (ibid.
863 1023 893 1083 p.
918 999 1010 1086 124),
1038 998 1077 1062 19
1105 997 1220 1062 Orione
1248 997 1369 1062 XXXII
1397 997 1487 1082 (ibid.
1514 1019 1543 1081 p.
1574 996 1661 1083 162).
1694 997 1866 1080 equibus

310 1106 426 1190 prima,
453 1105 585 1188 siquae
613 1105 689 1182 alia,
716 1127 800 1172 mere
823 1106 967 1172 sideralis
991 1103 1100 1171 fabula
1122 1110 1183 1182 est3
1211 1109 1248 1170 ut
1275 1105 1358 1170 enirn
1386 1103 1500 1169 Ursam
1527 1105 1601 1168 inde
1628 1103 1669 1168 ab
1693 1103 1863 1186 antiquis-

312 1213 398 1277 simis
428 1210 623 1296 temporibus
652 1212 781 1278 Graecis
808 1219 916 1278 notam
947 1211 1044 1278 fuisse
1071 1217 1207 1288 constat,
1240 1211 1285 1276 ita
1312 1211 1497 1298 Callistus²)
1531 1210 1695 1276 historiam
1727 1232 1866 1295 semper
1956 1225 1957 1230 ’

311 1343 381 1385 curn
403 1319 463 1386 hoc
485 1320 588 1385 sidere
612 1320 809 1385 coniunctam
833 1319 929 1385 fuisse
950 1341 1052 1405 neque
1075 1341 1263 1403 quemquam
1286 1319 1326 1385 de
1344 1318 1515 1385 Callistone
1537 1321 1570 1383 in
1589 1318 1705 1384 Ursam
1727 1324 1867 1384 mutata
1956 1379 1957 1390 ,

311 1428 427 1493 dixisse
454 1427 579 1512 opinor,
612 1429 688 1512 quin
714 1429 798 1492 inter
825 1427 930 1493 sidera
957 1448 1026 1493 earn
1053 1426 1188 1492 relatam
1216 1447 1282 1492 esse
1310 1427 1451 1493 adderet.
1492 1427 1578 1491 idem
1603 1425 1637 1491 in
1665 1427 1815 1493 Orionem
1826 1425 1865 1512 ³)
1956 1409 1957 1424 ¹

311 1535 409 1611 cadit,
433 1534 529 1600 immo
552 1538 588 1597 ut
611 1533 709 1599 Orion
732 1533 854 1618 Scorpii
877 1537 942 1600 ictu
965 1535 1085 1600 occisus
1109 1555 1176 1600 esse
1198 1535 1370 1610 diceretur,
1397 1533 1478 1598 nihil
1501 1533 1588 1599 aliud
1611 1555 1706 1617 quam
1729 1535 1862 1598 utrius·
1956 1509 1957 1552 ³

311 1663 372 1727 que
398 1641 510 1706 sideris
538 1641 571 1704 19
598 1642 685 1706 caelo
713 1642 827 1725 positio
851 1663 945 1708 causa
968 1641 1036 1706 fuit.
1068 1663 1169 1724 neque
1191 1640 1252 1706 hoo
1274 1640 1356 1725 fugit
1379 1639 1525 1706 Oarolum
1549 1639 1743 1706 Odofredum
1766 1637 1860 1704 11111-

312 1749 421 1828 lernm,
444 1748 499 1831 qui
522 1749 617 1813 etiam
635 1749 781 1832 priorem,
805 1771 885 1832 quae
904 1750 937 1815 iu
956 1750 1073 1833 Aegaei
1091 1749 1187 1813 maris
1207 1748 1315 1813 insulis
1334 1746 1436 1814 locum
1453 1747 1560 1825 habet,
1583 1746 1709 1813 fabulae
1726 1753 1861 1832 partem
1956 1765 1957 1784 ³

312 1879 351 1922 99
381 1856 494 1922 9119119
526 1862 613 1921 ortus
639 1877 828 1939 occasusque
862 1856 1058 1941 temporibus
1085 1855 1246 1940 praeclare
1273 1855 1427 1920 derivavit
1455 1855 1488 1919 in
1516 1855 1644 1940 egregia
1670 1856 1711 1920 de
1734 1853 1860 1920 Orione
1956 1919 1957 1940 ,

312 1961 533 2048 119991911999,
557 1983 636 2048 quae
659 1963 796 2046 primum
818 1963 920 2029 Musei
938 1963 1083 2028 Rhenani
1106 1963 1255 2028 volumini
1278 1963 1358 2047 119.
1380 1964 1431 2028 19.
1454 1963 1583 2040 inserte,
1604 1966 1674 2026 tum
1696 1962 1729 2026 in
1748 1961 1860 2045 Opus·
1956 1983 1957 2032 3

311 2071 390 2137 culis
412 2070 444 2134 11
466 2092 496 2153 p.
517 2070 702 2135 113-133
725 2071 863 2154 repetita
885 2075 941 2136 est.
975 2079 1009 2135 at
1031 2072 1116 2154 quod
1139 2071 1223 2135 idem
1246 2069 1448 2154 Scorpionem
1471 2069 1602 2135 Hesiodi
1625 2074 1730 2134 aetate
1750 2067 1857 2134 Grae·
1956 2129 1957 2144 ,

312 2179 356 2244 919
383 2182 492 2244 notum
519 2176 615 2244 fuisse
642 2183 698 2242 991
725 2177 808 2242 hanc
830 2178 870 2242 de
893 2177 1018 2244 Orionis
1041 2183 1142 2243 morte
1169 2179 1383 2243 narrationem
1405 2184 1479 2250 ante
1502 2183 1639 2244 aetatem
1661 2175 1858 2242 Alexandri·
1956 2223 1957 2250 ,

311 2307 385 2351 nam
408 2283 510 2350 ortam
539 2306 605 2351 esse
627 2290 736 2368 negat,
763 2286 797 2350 id
823 2284 910 2349 nullo
933 2285 1026 2350 modo
1049 2306 1069 2350 9
1091 2307 1141 2350 me
1165 2285 1334 2368 impetrare
1357 2307 1497 2369 possum,
1524 2291 1561 2350 ut
1588 2285 1722 2350 credam.
1755 2283 1857 2368 quid?

311 2391 538 2459 lucidissimum
564 2414 665 2476 paene
692 2414 730 2458 ac
756 2391 1000 2477 pulcherrimum
1032 2393 1129 2458 totius
1161 2391 1314 2476 sphaerae
1340 2391 1440 2470 sidus,
1472 2391 1560 2457 99199
1588 2390 1736 2476 splendor
1762 2391 1859 2456 9911-

311 2503 455 2586 gentium
481 2499 678 2584 potissimum
706 2500 812 2565 oculos
839 2499 888 2564 vel
914 2500 1030 2564 invitos
1058 2499 1099 2565 ad
1126 2520 1160 2565 se
1182 2499 1350 2577 convertit,
1378 2499 1465 2564 cuius
1492 2496 1611 2582 figurae
1639 2497 1858 2582 singudaritas,

311 2615 348 2674 ut
370 2630 439 2675 cum
464 2609 627 2691 scorpione
650 2612 859 2690 comparetur,
881 2607 965 2671 ultro
988 2605 1115 2684 invitat,
1137 2629 1196 2691 per
1217 2612 1267 2671 191
1290 2605 1414 2672 saecula
1437 2606 1573 2672 Graecos
1596 2605 1728 2690 fugisse,
1751 2607 1858 2672 19999

311 2716 356 2780 919
380 2737 400 2780 a
418 2712 585 2781 Chaldaeis
608 2715 702 2779 simul
720 2736 790 2780 cum
808 2715 921 2780 ceteris
940 2711 1082 2798 signiferi
1102 2715 1199 2797 signis
1221 2713 1459 2780 ostenderetur?
1487 2734 1545 2778 999
1562 2714 1679 2779 rectius
1698 2712 1856 2778 Miillerus

311 2822 395 2887 hanc
430 2820 565 2886 duorum
599 2820 739 2886 siderum
776 2821 817 2886 ad
852 2842 948 2886 unam
983 2820 1149 2886 historiam
1189 2821 1439 2888 coniunctionem
1479 2821 1519 2887 ab
1560 2820 1855 2904 antiquissimorum

312 2935 490 3013 temporum
507 2927 633 3010 ingenio
652 2929 788 2994 alienam
806 2929 1077 3013 recentiorumque
1096 2929 1198 2994 lusum
1217 2950 1284 2995 csse
1302 2927 1469 2994 existimat.
1501 2948 1574 2992 nam
1593 2927 1679 2992 aliud
1699 2933 1784 2992 certe
1803 2933 1853 2990 est
1956 2939 1957 2962 1

311 3036 447 3101 11911199
470 3035 609 3100 9119199
635 3033 752 3119 figuras
779 3035 821 3101 ad
848 3042 935 3102 certa
961 3042 1124 3120 poetarum
1148 3043 1324 3102 commenta
1345 3057 1506 3112 revocare,
1533 3035 1622 3101 91191
1649 3035 1847 3118 exipsorum
1956 3027 1957 3112 J

312 3143 450 3210 siderum
468 3148 598 3226 aspectu
617 3142 740 3208 fabulas
757 3165 871 3209 creare.
900 3143 959 3209 hcc
977 3144 1118 3209 fecerunt
1132 3143 1297 3228 Hermippi
1316 3149 1348 3208 91
1363 3141 1616 3226 Hegesianactes,
1635 3143 1690 3226 qui
1707 3141 1848 3208 tabulam

312 3250 477 3316 caelestem
499 3249 646 3316 manibus
671 3257 814 3318 tenentes
837 3251 978 3317 earmina
1000 3251 1209 3316 condiderunt
1237 3251 1365 3335 eiusque
1393 3247 1501 3334 figuris
1525 3249 1765 3334 explicationem
1786 3269 1846 3314 non

401 3463 421 3532 ²)
440 3464 588 3532 Hesiodus,
613 3481 673 3520 cum
693 3464 877 3520 Eratosthene
897 3470 967 3520 teste
987 3464 1166 3519 Callistonem
1185 3463 1319 3535 Lycaonis
1338 3461 1424 3518 liliam
1443 3461 1529 3517 191999
1548 3462 1715 3529 narraverit,
1739 3478 1846 3533 prorsus

312 3553 368 3609 alia
387 3553 534 3609 tradidisse
553 3553 642 3608 fertur
660 3553 688 3608 ln
707 3553 869 3624 Apollodori
888 3553 1059 3609 bibliotheca
1073 3555 1114 3608 III
1128 3555 1153 3619 8,
1168 3555 1194 3620 2,
1208 3556 1235 3608 2.
1268 3546 1398 3622 Εὔμηλος
1416 3551 1446 3607 δὲ
1466 3553 1515 3607 καί
1534 3570 1607 3616 τινες
1627 3545 1720 3625 ἕτεροι
1735 3549 1845 3622 λέγουσι

311 3636 437 3700 Λυκάονι
461 3645 510 3698 καὶ
532 3639 680 3715 θυγατέρα
706 3639 855 3698 Καλλιστὼ
879 3641 1029 3714 γενέσθαι·
1050 3637 1176 3708 Ἡσίοδος
1198 3641 1253 3710 μὲν
1276 3639 1332 3714 γὰρ
1355 3637 1443 3711 αὐτὴν
1464 3643 1532 3710 plur
1550 3646 1608 3697 τῶν
1626 3629 1745 3712 νυμφῶν
1763 3637 1845 3712 λέγει,

313 3725 399 3797 Aaron
421 3730 451 3787 δὲ
476 3729 623 3797 Νυκτέως,
651 3727 814 3805 Φερεκύδης
837 3731 866 3787 dh
892 3730 1016 3801 Κητέως.
1039 3730 1094 3800 μὲν
1116 3729 1172 3803 γὰρ
1196 3732 1363 3802 9911199199,
1388 3731 1540 3809 dequibus
1559 3732 1618 3787 1191
1636 3732 1670 3787 (19
1689 3731 1846 3801 Apollodori

311 3822 377 3877 bibl.
397 3840 424 3892 p.
444 3823 478 3878 62
497 3821 559 3876 adn.
581 3823 608 3889 7,
631 3822 750 3892 probant
771 3838 802 3877 re
822 3837 887 3878 vera
905 3822 1102 3892 Apollodorum
1122 3821 1272 3877 credidisse
1291 3821 1365 3892 9991
1385 3819 1534 3878 Hesiodum
1553 3839 1604 3878 nec
1623 3821 1780 3892 Lycaonem
1798 3836 1845 3874 nec

311 3911 421 3967 omnino
435 3926 599 3980 quemqnam
614 3911 743 3990 Callistus
758 3917 865 3981 patrem
880 3911 984 3966 dictum
999 3927 1067 3966 esse.
1093 3927 1163 3980 quae
1178 3909 1328 3966 difficultas
1343 3911 1431 3966 tribus
1445 3911 1532 3968 modis
1548 3911 1661 3968 enodari
1679 3915 1779 3981 potest.
1801 3918 1846 3964 991

312 4000 385 4057 enim
404 4000 586 4070 Apollodorus
606 4000 641 4055 ad
660 3999 735 4055 aliud
754 3999 868 4054 Hesiodi
887 4016 1006 4065 carmen,
1025 4001 1054 4055 in
1069 4017 1122 4070 quo
1133 4000 1263 4056 Callistus
1278 4000 1394 4055 historia
1407 4000 1507 4056 iterum
1521 4006 1634 4055 narrata
1649 4005 1717 4065 erat,
1736 3997 1846 4068 respicit

312 4107 335 4145 1.
357 4107 379 4144 9.
399 4090 435 4144 91
454 4088 608 4158 catalogos,
628 4096 676 4144 aut
694 4089 885 4159 neglegentius
905 4089 1057 4158 excerpsit,
1083 4089 1111 4145 id
1131 4090 1202 4158 quod
1222 4089 1332 4159 saepius
1352 4089 1378 4146 ei
1397 4089 1500 4146 accidit
1519 4107 1600 4160 qnam
1620 4090 1700 4158 vulgo
1720 4087 1844 4154 creditur,

311 4185 360 4235 aut
378 4179 506 4249 denique,
525 4178 554 4232 id
574 4179 645 4247 quod
664 4179 731 4233 mihi
750 4178 869 4233 maxime
889 4179 1004 4245 adridet,
1024 4178 1845 4234 1199191191Η99191199191991919199999919199199991.

402 4269 422 4334 ι’)
442 4269 518 4337 Quae
541 4267 676 4323 Diodorus
696 4270 787 4325 (199
810 4267 963 4324 19011999
987 4285 1023 4324 ex
1042 4268 1162 4324 Hesiodo
1181 4267 1284 4334 adfert,
1310 4285 1358 4324 cur
1381 4275 1410 4324 et
1431 4267 1493 4338 ipsa
1516 4267 1544 4323 19
1564 4267 1738 4323 Astronomia
1761 4266 1843 4320 locum

312 4355 442 4412 habuisse
459 4363 607 4426 nequeant,
627 4373 680 4411 non
698 4357 834 4426 adsequor
853 4357 888 4412 91.
902 4357 1000 4426 fragm.
1017 4359 1241 4425 186111911991.)
1257 4360 1309 4413 210
1323 4357 1453 4425 (11191191.)
1468 4357 1539 4412 nihil
1553 4357 1626 4412 enim
1640 4356 1765 4426 impedit,
1785 4355 1844 4424 quin

313 4445 371 4502 illic
395 4446 502 4501 Orionis
526 4464 570 4502 res
594 4443 731 4502 uberrime
755 4453 881 4502 narratas
903 4447 989 4503 fuisse
1013 4447 1162 4518 opinemur.
1201 4448 1273 4516 quod
1296 4455 1388 4504 antem
1413 4447 1495 4503 Orion
1520 4444 1559 4512 εἰς
1581 4440 1707 4518 Εὔβοιαν
1728 4462 1843 4511 pereva-
1956 4469 1957 4474 ¹

313 4539 413 4605 στῆναι
431 4531 520 4590 κάκεῖ
533 4539 702 4604 κατοικῆσαι
722 4536 830 4602 dicitur,
850 4535 887 4602 id,
907 4543 1055 4606 antequam
1072 4537 1169 4592 Chium
1184 4536 1452 4602 reniret,‘accidisse
1470 4544 1574 4608 potest3
1593 4553 1657 4592 nam
1675 4533 1769 4590 statim
1790 4549 1842 4588 cnm
1956 4589 1957 4602 ,

312 4625 341 4680 19
355 4625 470 4681 Euboea
488 4627 580 4682 sedem
601 4625 795 4691 constituisset,
815 4641 876 4680 eum
896 4626 969 4681 inter
987 4625 1080 4681 sidera
1098 4627 1217 4682 relatum
1237 4641 1297 4681 esse
1316 4643 1350 4681 ne
1369 4625 1437 4680 dicit
1456 4625 1566 4695 quidem
1583 4625 1726 4681 Diodorus.
1755 4633 1841 4680 999119

313 4731 347 4770 99
371 4713 468 4770 Sicilia
492 4715 520 4770 in
543 4715 697 4782 Euboeam,
725 4731 759 4770 ex
783 4715 897 4770 Euboea
921 4716 1018 4770 Chium
1040 4715 1159 4784 migrare
1183 4715 1294 4785 egregie
1318 4714 1445 4771 convenit
1468 4715 1507 4782 ei,
1536 4715 1580 4770 991
1602 4716 1747 4785 Neptunus
1770 4723 1841 4784 pater

313 4804 434 4872 dederit,
458 4811 489 4859 ut
511 4821 594 4876 supra
616 4805 716 4865 fluctus
740 4804 895 4860 ambularet
918 4804 956 4872 (id
980 4804 1054 4859 enlm
1078 4811 1239 4861 narraverat
1257 4805 1416 4873 Hesiodusl3
1441 4820 1491 4860 nec
1510 4795 1599 4859 minus
1618 4801 1741 4873 Neptuni
1763 4802 1838 4856 filiun

314 4895 395 4951 decet
418 4893 491 4965 patri
515 4895 543 4950 in
561 4895 658 4950 Peloro
682 4893 869 4963 promunturio
892 4894 1026 4964 templum
1050 4895 1187 4950 dedicare.
1225 4893 1303 4949 rides
1322 4911 1403 4963 quam
1423 4893 1549 4964 adposite
1567 4892 1758 4948 astronomiae
1777 4891 1837 4959 frag·

313 4991 436 5040 mentum
454 4985 489 5040 ab
508 4983 692 5040 Eratosthene
711 4992 848 5040 servatum
868 4984 982 5040 Diodori
999 4984 1159 5040 narratione
1179 4984 1348 5055 suppleatur.
