3920 5806
365 365 431 431 224

364 545 485 610 levibus
508 545 700 629 argumentis
722 566 798 610 usus
820 543 895 609 huie
917 544 1091 610 sententiae
1114 543 1276 611 oblocutus
1300 551 1361 623 est,
1388 550 1493 610 tamen
1516 543 1657 612 confiteri
1681 544 1789 611 debuit
1811 545 1898 610 hunc

365 652 570 737 Hermippum
598 651 809 718 Callimacheo
836 650 989 716 iuniorem
1016 672 1083 718 esse
1109 673 1171 716 uon
1198 673 1296 736 posse.
1333 653 1439 736 itaque
1466 675 1522 718 cur
1549 655 1633 718 idem
1659 673 1727 718 esse
1753 659 1899 735 nequeat,

364 779 427 824 000
454 759 559 838 video,
589 759 775 843 praesertim
803 780 873 824 eum
900 779 971 823 eum
1002 759 1036 824 10
1067 758 1183 824 1040113
1215 760 1403 826 exornandis
1431 759 1674 826 Callimaeheam
1700 759 1899 844 disciplinam

363 887 440 950 prae
471 887 504 932 se
536 867 619 931 ferre
650 868 714 930 iam
747 887 842 948 supra
872 865 1054 931 monuerim.
1097 865 1232 950 denique
1259 871 1302 931 et'
1317 866 1501 934 Leainslrius
1531 872 1565 932 04
1590 866 1743 933 Miillerus
1773 868 1898 952 egregie

364 972 518 1038 falluntur
544 967 735 1057 maratana
758 993 882 1038 carmen
905 972 1002 1038 fuisse
1024 979 1183 1055 negantes.

453 1081 548 1146 Praet
534 1086 621 1145 terea
640 1086 672 1146 et
673 1081 736 1145 iam
753 1086 818 1145 tres
836 1085 958 1164 poetae,
982 1081 1035 1162 001
1054 1080 1093 1144 (10
1111 1080 1268 1145 sideribus
1288 1082 1429 1146 carmina
1446 1088 1696 1166 composuerunt,
1714 1080 1755 1145 ab
1773 1079 1818 1164 Hy
1803 1082 1899 1166 ygino

365 1193 647 1252 commemorantur
651 1187 880 1265 ,Anacreon
908 1186 1004 1269 110
1027 1187 1081 1263 42,
1100 1187 1118 1250 7
1147 1209 1167 1251 0
1188 1187 1264 1252 Tere
1287 1187 1340 1252 1110
1366 1189 1493 1271 quidem
1521 1187 1605 1254 haud
1629 1188 1725 1254 dubie
1748 1189 1938 1264 (11303303,

365 1293 578 1359 Alexander
605 1236 733 1378 XXIp.
752 1293 805 1370 63,
829 1293 954 1370 8-10,
982 1292 1174 1359 Cleostrat
1160 1299 1220 1359 tus
1243 1294 1377 1377 donique
1404 1295 1592 1361 Tenedius
1616 1295 1747 1379 Xal.
1770 1295 1822 1370 48,
1845 1295 1898 1359 20.

365 1401 404 1466 (10
423 1400 545 1466 duobus
562 1402 720 1484 prioribus
738 1401 946 1467 consulendus
965 1407 1013 1465 est
999 1401 1206 1466 tMeinehius
1225 1401 1314 1467 Anal.
1329 1401 1497 1467 Alexandr.
1516 1425 1547 1486 p.
1563 1403 1661 1468 2423
1694 1401 1938 1516 0100340418)

365 1509 519 1586 carminis,
542 1509 591 1573 cui
615 1499 908 1592 Aornoieylcvtrt
868 1506 997 1572 titulum
1019 1507 1114 1572 fuisse
1138 1508 1292 1573 Athenaei
1311 1508 1373 1573 Vll
1396 1531 1425 1592 p.
1446 1509 1540 1574 2784
1563 1509 1636 1574 4034
1627 1510 1744 1576 rmonio
1767 1475 1938 1584 00034044

365 1615 574 1698 fragmentum
604 1612 743 1678 habes
734 1635 767 1678 m
799 1613 925 1679 scholiis
957 1613 998 1679 ad
1030 1613 1191 1698 Euripidis
1222 1615 1359 1680 Rhesum
1387 1639 1413 1680 v.
1437 1615 1510 1683 529.
1543 1617 1680 1700 0010000
1708 1621 1812 1680 00400
1839 1616 1896 1680 403

364 1727 473 1804 000403
496 1721 537 1785 04
559 1721 683 1804 Hygino
706 1719 804 1784 lectos
827 1741 893 1786 esse
912 1742 1023 1804 parum
1041 1721 1204 1804 probabile
1223 1729 1280 1798 est,
1302 1743 1450 1788 0000330
1469 1723 1566 1788 lectos
1584 1745 1657 1788 mox
1674 1723 1896 1806 intellegemus

365 1849 438 1892 nam
473 1833 600 1911 praeter
635 1827 877 1891 Eratosthenem
910 1827 1052 1911 Hyginus
1089 1828 1184 1893 etiam
1219 1827 1314 1892 alium
1350 1835 1524 1907 auctorem,
1565 1829 1618 1914 qui
1655 1830 1796 1912 pedestri
1830 1851 1894 1894 ser-

364 1955 455 1998 mone
479 1936 517 1998 de
541 1934 696 2000 sideribus
720 1934 797 2017 egit,
819 1933 967 1999 habuerit
990 1955 1114 2000 necesse
1138 1940 1199 2010 est;
1227 1935 1261 2000 id
1284 1937 1368 2017 quod
1390 1936 1498 2019 paucis
1521 1934 1598 2001 locis
1621 1936 1804 2020 diligentius
1826 1957 1894 2019 per·

365 2043 470 2124 pensis
494 2040 635 2106 elucebit.
669 2039 861 2105 Genicularii
888 2040 1095 2124 explicatione
1119 2063 1157 2105 ex
1179 2041 1389 2106 Eratosthene
1416 2041 1540 2124 prolata
1562 2044 1606 2107 sic
1628 2043 1733 2126 pergit
1756 2043 1895 2126 Hyginus

366 2144 410 2212 Vl
433 2170 462 2230 p.
480 2149 533 2224 41,
555 2146 609 2211 153
633 2149 699 2224 0431,
725 2148 782 2228 qni
791 2150 817 2232 8)
836 2147 955 2224 stibio,
975 2151 1071 2230 00004
1089 2147 1213 2212 Aretias
1232 2169 1420 2230 0000400004
1433 2169 1528 2230 possa
1546 2149 1770 2228 denaenstrara,
1794 2154 1894 2212 400400

366 2255 559 2330 conabimur,
587 2259 622 2318 04
650 2253 778 2334 aliquid
800 2255 866 2316 veri
888 2253 990 2318 3103110
1013 2235 1172 2319 dicamus·
1199 2261 1265 2319 tum
1288 2278 1351 2321 uon
1374 2257 1476 2321 minus
1499 2263 1618 2339 septem
1641 2257 1783 2321 diversae
1805 2255 1893 2319 huius

366 2362 448 2444 signi
472 2361 695 2444 explicationes
713 2359 908 2424 adferuntur.
940 2367 1034 2444 atque
1058 2384 1138 2446 quae
1160 2363 1253 2428 modo
1271 2363 1423 2446 adscripsi
1443 2363 1546 2440 verba,
1565 2365 1642 2428 satis
1660 2363 1796 2429 absurde
1813 2363 1893 2427 dicta

366 2476 453 2544 sunt,
485 2489 555 2533 cum
586 2467 692 2552 paullo
724 2471 798 2532 ante
827 2468 889 2532 iam
916 2469 1039 2552 signum
1071 2491 1109 2534 ex
1137 2468 1346 2534 Eratosthene
1379 2471 1560 2553 explicitum
1592 2469 1641 2534 sit.
1679 2470 1755 2554 quid
1787 2469 1892 2534 multe!

366 2582 399 2640 et
421 2575 517 2640 verba
540 2575 595 2640 illa
617 2581 650 2640 et
673 2581 793 2657 septem
816 2575 1040 2659 explicationes
1064 2597 1102 2640 ex
1125 2577 1186 2640 0110
1210 2581 1339 2640 auctore
1362 2583 1486 2660 sumpta
1509 2583 1595 2654 sunt,
1623 2578 1677 2661 001
1705 2579 1782 2642 (1040
1804 2597 1893 2660 00030
1937 2613 1938 2640 ι

367 2683 466 2746 Arato
490 2681 652 2746 oblocutus
676 2687 731 2746 est.
764 2703 833 2746 cum
857 2689 962 2746 autem
985 2684 1018 2746 in
1041 2683 1086 2746 eis
1106 2683 1269 2747 Anacreon
1293 2686 1325 2746 et
1348 2681 1545 2766 Hegesianax
1567 2683 1746 2760 laudentur,
1769 2686 1893 2767 idque

367 2810 428 2871 que
456 2789 587 2871 adparet
613 2811 677 2853 non
703 2789 806 2871 ipsum
829 2787 988 2872 Hyginum
1011 2791 1150 2854 carmina
1173 2809 1280 2856 eorum
1302 2789 1429 2872 legisse,
1456 2791 1510 2854 sed
1534 2788 1613 2855 haee
1636 2791 1771 2856 frustula
1792 2793 1893 2875 ignote

367 2896 415 2960 illi
437 2897 559 2961 auctori
582 2896 698 2961 deberi.

457 3002 564 3068 Simile
592 3003 728 3087 quidm
756 3003 815 3079 013,
842 3023 922 3086 0000
950 3003 990 3068 (10
1017 3003 1137 3086 Lepore
1164 3003 1310 3084 leguntur
1338 3003 1489 3078 XXXIII,
1516 3004 1640 3069 accidit.
1672 3004 1790 3068 Aratus
1817 3004 1891 3068 0010
1937 3029 1938 3130 0

369 3111 491 3176 dlxiv
492 3110 602 3174 ..338

684 3219 807 3282 000010
832 3209 864 3281 d'
887 3208 1125 3302 ’1201034οςΗ
1065 3240 1110 3281 err
1150 3208 1364 3302 ἀμφοτέροισι
1388 3212 1527 3300 Λαγωός

686 3321 819 3408 ἐμμενὲς
842 3317 950 3408 ἤματα
974 3319 1085 3388 πάντα
1110 3318 1273 3387 diuiserat.

371 3467 582 3478 --.-—--—

457 3610 478 3676 8)
498 3607 609 3662 Carolus
628 3607 764 3662 Mulierus
788 3606 816 3660 in
836 3607 1060 3675 Geographorum
1082 3606 1215 3661 0100300
1239 3607 1359 3662 editione
1379 3609 1391 3662 l
1409 3625 1435 3676 p.
1456 3611 1489 3662 69
1513 3607 1584 3662 hune
1604 3607 1787 3662 Cleostratum
1805 3611 1888 3662 Astro-

369 3697 458 3766 logiae
473 3704 583 3765 poetam
598 3713 615 3750 a
630 3697 809 3752 celeberrimo
824 3695 968 3763 astrologo,
985 3695 1031 3763 qni
1046 3696 1149 3763 primus
1165 3698 1274 3752 Haedos
1285 3697 1462 3766 Sagittarium
1473 3697 1596 3750 Arietem
1610 3697 1638 3750 in
1655 3695 1732 3774 00010
1746 3697 1889 3767 repperisse

369 3787 527 3858 primusque
547 3785 716 3840 octoeterida
734 3784 886 3840 instituisse
906 3783 1015 3850 dicitnr,
1035 3784 1171 3839 diversum
1190 3803 1250 3842 esse
1269 3793 1357 3856 putat,
1377 3787 1461 3840 multe
1480 3785 1608 3840 nimirum
1626 3785 1675 3840 ille
1693 3793 1787 3841 aetate
1805 3784 1888 3840 inieri-
1937 3785 1938 3820 ³

368 3893 451 3932 erem.
481 3891 551 3945 quae
571 3875 663 3944 opinio
686 3890 811 3943 nequea
835 3874 954 3936 Meliore
978 3873 1033 3928 0110
1057 3881 1217 3942 argumento
1240 3875 1311 3931 fulta
1334 3883 1362 3930 ct
1385 3875 1646 3946 improbabilissima
1669 3881 1719 3930 est.
1747 3891 1809 3930 nam
1831 3873 1888 3928 0130
1937 3825 1938 3896 4

368 3965 492 4035 profecto
515 3981 580 4020 casu
604 3964 707 4018 iactum
730 3969 815 4027 esset,
839 3961 863 4015 31
886 3963 939 4016 duo
958 3963 1105 4017 Cleostrati
1128 3965 1285 4020 extitissent
1304 3965 1419 4018 Tenedii
1439 3964 1531 4029 ambe,
1556 3964 1635 4019 ambo
1654 3965 1797 4034 3434301001,
1819 3963 1889 4018 amho

369 4055 487 4123 denique
507 4070 523 4107 a
542 4052 716 4107 Parmenione
737 4051 816 4118 leeti;
840 4051 939 4106 deinde
963 4069 1074 4120 prorsus
1097 4051 1168 4122 fugit
1191 4055 1339 4108 Mullerum
1358 4055 1540 4108 Cleostratam
1564 4063 1673 4122 poetam
1692 4069 1709 4107 a
1728 4054 1889 4110 Parmenisco

369 4143 398 4198 in
416 4142 501 4198 schel.
520 4144 603 4197 Rhea
622 4159 646 4195 3.
666 4141 718 4196 529
737 4135 855 4210 ἀρχαῖον
878 4141 977 4195 vocari.
1006 4158 1087 4195 unum
1112 4141 1196 4211 igitur
1215 4144 1396 4197 Cleostratam
1419 4143 1504 4198 luisse
1524 4149 1647 4196 4000003
1667 4144 1828 4206 Το0οι1100,
1851 4140 1889 4209 001

369 4234 403 4288 (10
426 4232 563 4286 sideribus
587 4247 697 4284 carmen
722 4229 880 4298 composuit.
910 4230 987 4284 cuius
1010 4238 1131 4286 aetatem
1155 4231 1222 4286 satis
1246 4232 1329 4286 certis
1352 4231 1478 4286 terminis
1502 4231 1719 4301 circumscripsit
1737 4235 1850 4287 Veteres
1868 4231 1889 4283 in
1937 4257 1938 4260 ¹

369 4321 455 4378 Rhesi
479 4318 599 4374 editione
623 4336 649 4388 0.
675 4321 725 4374 199
748 4319 810 4373 adn.
830 4317 903 4372 inter
926 4318 967 4372 01.
992 4320 1082 4374 LVIll
1101 4327 1130 4374 et
1147 4321 1238 4375 LXXI
1261 4319 1385 4376 floruisse
1409 4337 1470 4376 000
1493 4327 1581 4384 304030
1609 4337 1674 4375 nam
1697 4337 1732 4376 ex
1756 4321 1890 4376 Censorino
1937 4299 1938 4332 4

370 4409 462 4465 XVlll
481 4409 597 4478 adparet
616 4425 678 4462 eum
697 4415 762 4462 aute
782 4407 941 4476 Harpalum,
961 4425 995 4462 ex
1014 4408 1102 4463 Plinio
1122 4410 1199 4464 1131
1219 4417 1281 4478 post
1300 4411 1533 4465 Anaximandrum
1553 4409 1661 4464 vixisse.
1690 4419 1810 4465 ceterum
1828 4410 1890 4463 iuter
1937 4415 1938 4502 0

369 4506 495 4553 00040303
514 4497 684 4568 superstites,
705 4496 751 4566 qui
771 4496 916 4551 Cleostrati
935 4497 1099 4552 mentionem
1120 4498 1232 4564 1001004,
1253 4499 1458 4568 antiquissimus
1478 4507 1520 4554 est
1534 4499 1740 4569 Theophrastus
1759 4501 1792 4555 de
1811 4497 1889 4554 ventis
1937 4505 1938 4580 0

370 4587 425 4640 14.
455 4587 489 4640 ci.
509 4587 539 4640 Ο.
559 4585 685 4641 1040100
709 4585 737 4640 10
761 4585 902 4642 Censorini
926 4586 1046 4641 editione
1069 4587 1385 4655 pessinunsium
1408 4587 1436 4642 in
1459 4587 1602 4642 Analectis
1627 4588 1730 4644 criticis
1753 4589 1789 4644 ad
1812 4589 1887 4642 Athe·

370 4691 468 4730 00οι0
488 4693 514 4745 p.
535 4677 594 4731 122.

459 4765 479 4832 ⁹)
498 4765 615 4834 0011111
630 4773 658 4818 04
673 4767 730 4820 cod.
746 4764 944 4834 Fribergensis
963 4765 1058 4832 001311
1073 4773 1102 4820 04
1115 4765 1172 4820 alii.
1188 4765 1715 4837 04110331οι0οι8100003400314003.
1730 4767 1817 4822 Auni.
1829 4765 1885 4820 1814

370 4869 396 4923 p.
417 4855 450 4908 14
469 4861 497 4908 04
516 4853 765 4922 Heydeureichium
790 4853 835 4909 die
859 4854 1098 4924 Hyginhaudschr.
1117 4855 1141 4908 d.
1162 4855 1334 4925 Freiherger.
1354 4855 1580 4926 Gymnesialbibl.
1601 4857 1682 4920 1878,
1708 4872 1778 4924 quae
1801 4855 1885 4910 disser-

370 4942 447 5010 tatio,
467 4942 530 4997 dum
550 4943 621 4998 liber
639 4943 791 5010 excuditur,
811 4944 879 4998 mihi
897 4943 991 4998 adlata
1011 4950 1059 4997 est.
1762 4983 1766 4988 .
