3906 5800
368 415 412 482 90
536 413 674 470 Errrous.
914 413 1014 469 Senon.
1026 416 1114 468 Aser.
1125 431 1148 467 r.
1161 410 1211 468 147
1223 431 1248 482 p.
1259 411 1301 470 64.
1311 413 1352 468 26.
1444 409 1544 468 Senon.
1564 407 1654 465 Grau.
1680 407 1731 465 BP.
1752 428 1777 479 p.
1797 410 1840 470 to,
1861 414 1896 464 ln.

412 591 536 661 θλάσαι
556 587 670 675 αὐτόν,
690 585 775 660 ὅθεν
789 617 843 678 με·
1427 592 1475 656 nis
1520 591 1641 673 magnis
1687 589 1859 655 honoribus

412 698 511 790 γάλης
552 709 645 789 τιμῆς
688 697 843 788 τὲτύχηκε
1427 698 1592 763 decoratus
1613 695 1676 761 XII
1699 697 1859 780 signorum

413 805 723 894 καταριθμούμενος
733 807 844 884 ἐντοῖς
1426 826 1556 870 numero
1575 805 1811 870 adnumeratur.

413 915 456 994 ιβ’
483 917 621 999 ζῳδίοις.

386 1031 403 1082 a
457 1025 648 1088 Καλοῦνται
685 1023 720 1088 di
756 1021 844 1098 savir
916 1031 933 1082 3
988 1024 1178 1085 Καλοῦνται
1199 1019 1233 1084 δὲ
1260 1012 1373 1086 αὐτῶν
1472 999 1552 1066 ὃῦῃῑ
1574 1002 1606 1066 in
1630 1001 1690 1066 1¹⁰⁰
1713 1003 1803 1085 Sig¹¹⁰
1827 1001 1885 1063 5¹¹5

414 1118 527 1192 αὐτῶν
538 1121 773 1214 deripiebant,
784 1118 845 1204 οὓς
943 1126 1031 1202 τινὲς
1050 1118 1184 1209 ἀστέρες
1197 1119 1297 1206 ”Onon
1316 1117 1374 1204 οὓς
1428 1109 1494 1174 eins
1522 1114 1605 1174 iffltfl
1631 1109 1714 1174 aliae
1741 1108 1860 1181 Stella&

414 1227 575 1312 Διόνυσος
608 1228 771 1323 ἀνήγαγεν
800 1233 845 1311 εἰς
943 1229 1104 1309 Διόνυσος
1137 1225 1300 1320 ἀνήγαγεν
1328 1233 1373 1311 εἷς
1427 1236 1505 1298 <111⁸ss
1544 1217 1648 1280 ³⁸5⁰OE
1688 1217 1858 1300 adpellant·
1936 1283 1937 1286 ,

414 1331 454 1402 ni
479 1337 591 1425 ἄστρα.
942 1333 983 1404 τὰ
1008 1333 1120 1423 ἄστρα.
1430 1321 1479 1386 Gi·
1480 1324 1546 1388 ‘1⁰⁶2'
1573 1323 1655 1387 mim
1682 1316 1785 1399 ὄνους
1812 1323 1860 1384 di-

1427 1436 1509 1494 nant.
1551 1451 1628 1513 quos
1647 1429 1745 1494 Liber
1766 1431 1860 1494 astris

1426 1537 1549 1613 intulit,
1580 1537 1679 1620 quod,
1715 1559 1787 1601 oum
1819 1536 1899 1599 ann

1427 1642 1547 1708 Iunone
1580 1644 1704 1709 insania
1735 1643 1860 1708 obiecta

1427 1750 1552 1833 fugeret
1565 1751 1606 1816 ad
1621 1771 1758 1826 omasus,
1778 1751 1858 1814 utin

1427 1857 1590 1923 Dodonaei
1623 1858 1705 1922 Iovis
1740 1856 1859 1939 templo

1426 1985 1576 2048 responsa
1589 1971 1721 2049 peteret,
1735 1970 1773 2028 nt
1788 1963 1860 2027 Phi·

1425 2072 1521 2136 lisous
1544 2071 1656 2149 refert,
1684 2078 1716 2137 et
1738 2070 1897 2154 magnisn

1428 2178 1581 2244 imbribus
1609 2200 1679 2243 oum
1707 2177 1860 2262 grandine

1427 2287 1506 2351 ortis
1519 2292 1640 2369 stagna,
1654 2305 1735 2370 quae
1745 2285 1860 2351 transi-

1427 2401 1517 2458 turus
1536 2401 1619 2469 erat,
1636 2392 1793 2457 inundata
1806 2393 1859 2456 de-
1932 2430 1935 2472 Ι

1427 2502 1567 2566 tinerent
1588 2501 1650 2565 iter
1673 2500 1754 2576 eins,
1780 2499 1860 2564 asini

1428 2629 1466 2672 ex
1502 2608 1660 2674 contrario
1695 2613 1895 2672 trainensis·
1933 2669 1934 2676 χ

1429 2737 1486 2798 per
1512 2736 1620 2798 aquas·
1664 2735 1702 2778 ex
1724 2713 1775 2778 his
1798 2735 1859 2777 suno

1428 2822 1569 2886 insidens
1601 2825 1633 2884 et
1665 2821 1732 2903 ipse
1758 2827 1859 2886 trans·

1428 2936 1534 2994 vectus
1557 2935 1605 2993 est
1629 2929 1695 2992 sine
1722 2927 1858 3012 periculo

1428 3037 1613 3120 insaniaque
1637 3036 1790 3100 liberatus
1813 3035 1859 3098 di-

1428 3146 1518 3209 oitur.
1577 3165 1640 3208 uno
1678 3145 1784 3225 itaque
1823 3146 1891 3205 exn

1428 3250 1478 3314 his
1501 3250 1625 3327 fecisse,
1648 3255 1684 3314 ut
1705 3271 1781 3314 voee
1804 3249 1858 3312 hu-

1429 3377 1523 3422 mana
1562 3357 1752 3440 loqueretur.
1808 3354 1857 3440 qni

1429 3486 1500 3528 cum
1532 3485 1656 3530 sensum
1683 3465 1857 3547 accepisset,
1934 3529 1935 3534 ,

1430 3579 1502 3655 post
1515 3593 1650 3655 paucum
1659 3575 1782 3654 tempus
1792 3591 1856 3636 oum

1431 3672 1546 3761 Priapo
1560 3679 1599 3743 de
1613 3678 1753 3742 membro
1771 3683 1893 3742 natu-an

1431 3785 1490 3850 radi
1526 3786 1715 3850 contendere
1750 3786 1856 3868 coepit.

396 4071 827 4125 Tssr1uou1n:Arien.o.385.
939 4067 1011 4134 sa'r
1029 4071 1141 4138 serapti.-
1165 4067 1213 4125 ἐπί
1231 4070 1271 4125 M.
1323 4070 1376 4126 Va·
1432 4069 1622 4125 Tasunrours:
1661 4068 1790 4125 Lartont
1817 4065 1890 4122 Finn.

373 4162 422 4215 hos
440 4159 535 4215 dixere
554 4161 653 4215 Asinos
672 4167 744 4214 ortos
763 4159 848 4213 Thes·
904 4160 1027 4213 neoniam
1046 4177 1103 4214 non
1123 4161 1234 4214 contuli.
1471 4159 1491 4213 Ι
1506 4162 1541 4214 21
1557 4176 1586 4226 p.
1605 4162 1670 4226 238,
1690 4159 1731 4214 ed.
1751 4159 1855 4230 Mipne:

373 4249 481 4319 protide
495 4258 570 4304 terra
579 4249 589 4322 ii
598 4259 626 4303 et
636 4249 719 4316 sidus,
731 4249 848 4314 Lenaee,
1432 4249 1531 4304 asellos
1564 4248 1661 4315 inisse,
1700 4249 1746 4318 qni
1779 4249 1890 4304 Liberum

373 4347 457 4392 tunm.
1433 4346 1539 4408 patrem
1586 4337 1804 4404 transvexerint,
1842 4347 1890 4389 run

409 4423 544 4483 antiton:
557 4423 644 4481 αὐτοῦ
657 4425 848 4495 Koppiersins.
902 4443 1010 4482 amnem
1043 4427 1161 4482 transire
1194 4444 1246 4482 non
1281 4434 1382 4498 posset.
1428 4444 1540 4496 quornm
1568 4427 1650 4481 alteri
1678 4429 1729 4482 hoc
1758 4423 1889 4498 praemium

903 4516 1019 4582 dederit,
1032 4524 1064 4570 ut
1073 4517 1192 4572 hnmana
1204 4532 1269 4571 roeo
1280 4515 1446 4586 loqueretur.
1467 4517 1560 4586 itaque
1571 4515 1643 4571 inter
1653 4531 1715 4571 eum
1725 4517 1889 4586 Pnapunque

375 4615 463 4661 ortum
479 4621 539 4660 esse
554 4611 701 4670 certamen,
722 4607 756 4660 de
776 4605 905 4660 obscoeni
924 4605 1124 4674 magnitudine;
1147 4607 1274 4676 Priapum
1291 4608 1390 4662 rictum
1411 4613 1440 4660 et
1458 4607 1557 4661 iratum
1577 4606 1750 4661 interemisse
1769 4607 1888 4661 victorem.

410 4703 513 4751 ateste
531 4699 657 4767 pztsxto
676 4695 703 4748 B
721 4703 800 4749 textu
819 4695 850 4749 P.
893 4713 917 4750 rs
936 4701 967 4749 ut
986 4695 1013 4748 in
1034 4695 1098 4748 odd.
1120 4714 1141 4750 ε.
1191 4712 1216 4752 15
1235 4705 1264 4752 et
1282 4695 1389 4750 addidi.
1437 4713 1461 4751 rr
1480 4695 1547 4750 ortis
1565 4700 1590 4768 β.
1611 4702 1686 4750 ortus
1704 4696 1765 4750 BP.
1801 4701 1888 4761 sarna

375 4801 445 4855 qnae
463 4787 568 4853 scripsi.
607 4783 648 4838 e‘st
668 4799 701 4838 ea
720 4801 773 4854 que
791 4783 851 4838 BP.
872 4800 904 4838 ea
923 4791 1002 4853 parte
1022 4800 1076 4852 qna
1095 4783 1122 4838 S.
1143 4784 1212 4839 istae
1232 4802 1287 4854 qua
1304 4790 1330 4857 β.
1451 4803 1476 4841 rs
1495 4785 1627 4840 inundata
1646 4785 1674 4839 S.
1695 4785 1824 4840 inundata
1840 4775 1886 4834 BP-

376 4893 408 4931 m.
429 4875 483 4928 iter
502 4891 527 4928 r:
547 4871 620 4927 iuter
638 4871 697 4928 BP.
824 4889 850 4928 ro
868 4880 1011 4927 transeunt
1029 4875 1135 4942 scripsi.
1172 4874 1339 4929 transientes
1358 4874 1416 4929 RS.
1453 4882 1627 4930 transeuntes
1647 4873 1679 4928 P.
1803 4891 1826 4929 ar
1839 4869 1887 4939 posi

375 4963 534 5033 loqueretur
555 4963 587 5016 in
604 4962 660 5015 BP
682 4963 798 5016 additur
821 4963 937 5016 alterum
962 4961 1127 5028 laborearit‚
1152 4980 1224 5031 qnae
1242 4965 1323 5018 verba
1343 4965 1378 5017 ao
1395 4965 1592 5034 interpolatore
1612 4963 1738 5032 proserta
1757 4980 1810 5018 esse
1825 4955 1886 5015 intei-

376 5053 443 5108 lrrit
461 5051 623 5123 Breyaipius
641 5052 671 5106 in
690 5051 811 5106 Hermae
828 5053 878 5106 ool,
899 5051 968 5106 XII
982 5069 1009 5122 p.
1028 5056 1088 5106 515.
1161 5069 1187 5110 aa
1205 5061 1267 5123 post
1286 5053 1321 5108 S:
1344 5069 1404 5108 cum
1422 5052 1482 5109 BP.
