3920 5806
1578 393 1640 464 241

76 575 318 642 adscribenda
339 582 437 642 erant.
457 576 552 645 audio
570 578 678 646 mirari
698 578 858 662 quosdam,
876 577 961 660 quod
974 575 1121 642 Musaeus
1134 575 1321 642 Amaltheae
1339 595 1467 659 capram
1484 596 1543 659 pro
1561 574 1643 640 Solis

72 681 141 747 filia
160 683 353 760 habuerit;
377 685 460 768 quod
484 707 540 750 cur
562 685 716 752 mirentur
738 686 834 770 idque
852 684 885 749 in
903 689 1007 770 poeta,
1030 683 1085 769 qui
1103 704 1137 750 se
1155 684 1258 768 ipsum
1276 703 1334 768 pro
1352 683 1462 764 Lunae
1484 681 1551 748 filio
1569 699 1644 756 verr

75 791 218 868 diderit,
255 813 398 876 prorsus
425 813 488 857 nou
515 793 679 878 adsequor.
711 814 786 858 nam
819 793 903 876 quod
935 790 1078 875 Hyginus
1109 789 1220 857 scribit
1247 789 1397 856 ιιωιιιιιίίιΙ
1427 791 1523 856 etiam
1553 789 1644 873 Aega

76 896 166 963 Solis
190 897 321 978 sidiam
344 899 503 980 dixerunt,
527 899 674 966 solemnis
696 899 790 966 huius
813 897 976 983 scriptoris
999 899 1063 965 sive
1082 911 1170 964 error
1187 903 1235 964 est
1253 898 1318 964 sive
1335 897 1483 982 loquendi
1502 897 1644 964 formula

78 1005 240 1088 Hyadum
271 1005 417 1072 historia
443 1007 485 1072 ad
511 1008 696 1091 Θεογονίαν
719 1011 804 1072 recte
827 1005 929 1072 relata
951 1009 1013 1084 est;
1041 1005 1148 1083 alteri,
1176 1026 1257 1088 quae
1279 1004 1362 1070 Iovis
1384 1005 1554 1090 pueritiam
1575 1005 1644 1070 hel·
1752 1017 1755 1024 ’

77 1112 216 1196 lumque
249 1113 384 1178 Titanis
411 1113 544 1178 inlatum
572 1114 735 1191 inlustrat,
766 1113 892 1178 debitus
923 1111 1010 1179 locus
1038 1116 1086 1178 est
1113 1111 1146 1178 in
1177 1114 1403 1201 Τιτανομαχίᾳ.
1436 1113 1492 1179 sed
1519 1112 1645 1178 omnino

80 1219 140 1284 hoc
165 1241 331 1298 carmen,
358 1221 443 1304 quod
466 1219 562 1286 semel
585 1225 710 1286 tantum
733 1221 765 1284 iu
788 1219 915 1286 scholiis
938 1219 979 1286 ad
1003 1219 1204 1304 ApoHonium
1227 1221 1259 1284 Γ
1282 1201 1458 1296 1179,'ubi
1481 1239 1645 1304 perperam
1742 1233 1750 1246 ’·

83 1328 359 1414 Τιταναγραφία
385 1327 515 1410 legitur,
547 1333 821 1406 commemoratur,
853 1327 935 1392 nihil
960 1326 1046 1392 aliud
1075 1347 1143 1392 esse
1171 1348 1264 1410 quam
1292 1327 1492 1410 Theogoniae
1522 1333 1646 1409 partem

11 1507 12 1514 ρ
81 1439 172 1498 recte
198 1434 395 1520 suspicatur
412 1434 587 1501 Paasowius
611 1434 705 1520 (Mus.
728 1457 757 1518 p.
780 1434 848 1522 49).
886 1433 1033 1519 Hyadum
1050 1433 1259 1516 Pliadumque
1277 1433 1420 1510 historia,
1442 1434 1470 1498 si
1493 1454 1556 1517 qua
1574 1432 1647 1511 alia,

12 1552 16 1633 j
84 1561 173 1604 mere
205 1541 366 1606 sideralis
394 1546 456 1619 est3
488 1541 576 1607 cuius
607 1542 782 1626 primordia
813 1542 876 1607 iam
907 1541 940 1608 in
967 1540 1099 1608 Hesiodi
1126 1539 1283 1624 Operibus
1310 1562 1338 1608 v,
1361 1539 1426 1606 383
1452 1540 1564 1618 habes,
1591 1539 1646 1604 ubi

12 1705 14 1728 ,
84 1645 220 1712 Pliades
252 1639 460 1732 Ἀτλαγενεῐς
487 1649 635 1726 audiunt3
663 1647 797 1733 Capram
825 1669 950 1733 quoque
977 1647 1039 1714 iam
1066 1648 1099 1712 in
1123 1647 1244 1714 Musaei
1270 1648 1408 1713 carmine
1434 1648 1518 1712 inter
1543 1645 1648 1710 sidera

14 1741 15 1765 ³
87 1754 232 1818 relatam
258 1775 334 1820 esse
356 1777 457 1839 neque
478 1755 647 1822 adfirmare
670 1757 770 1822 ausim
793 1777 895 1839 neque
917 1776 1042 1840 negare.
1073 1756 1107 1820 id
1131 1759 1250 1821 certum
1274 1760 1336 1832 est,
1359 1777 1430 1820 cum
1453 1753 1647 1819 Cleostratus

15 1889 17 1899 ·
89 1860 215 1926 Haedis
247 1883 368 1928 nomen
396 1864 533 1941 inderet,
560 1863 624 1928 iam
650 1867 724 1928 ante
751 1863 819 1930 eius
845 1867 983 1930 aetatem
1006 1861 1140 1947 Capram
1162 1867 1276 1934 notam,
1293 1861 1403 1940 fuisse3
1431 1862 1539 1944 itaque
1562 1859 1647 1926 Ono·

91 1969 253 2036 macritus
279 1969 341 2046 vel,
363 1971 505 2055 quisquis
528 1971 608 2034 alius
627 1968 747 2035 Musaei
769 1990 936 2053 personam
958 1969 1109 2036 mentitus
1132 1989 1257 2034 carmen
1280 1968 1360 2034 illud
1382 1963 1532 2046 condidit,
1555 1967 1648 2032 huius

18 2153 23 2167 .
92 2075 211 2140 sideris
248 2077 416 2140 notionem
448 2075 565 2142 habere
594 2076 711 2160 optime
737 2078 851 2160 potuit.
884 2077 1020 2160 denique
1051 2097 1115 2142 non
1146 2076 1342 2142 reticendum
1374 2081 1436 2153 est,
1467 2075 1597 2141 Musaeo
1628 2095 1649 2138 a

18 2177 19 2193 ¹
94 2181 244 2264 Diogene
274 2181 407 2248 Laertio
439 2190 565 2267 praeter
592 2183 806 2268 Theogoniam
833 2184 929 2250 etiam
957 2183 1130 2267 Sphaeram
1157 2183 1256 2248 tribui
1287 2203 1423 2266 prooem.
1451 2182 1472 2247 3
1500 2183 1556 2246 καὶ
1586 2171 1649 2245 τὸν

19 2268 25 2367 Ι
96 2287 157 2370 μὲν
182 2282 378 2375 Εὐμόλπου
405 2284 509 2354 παῖδά
536 2307 632 2371 φασι,
659 2298 796 2377 ποιῆσαι
820 2289 857 2356 dt
879 2291 1063 2375 θεογονίαν
1095 2292 1151 2356 καὶ
1175 2301 1320 2376 σφαῖραν
1342 2295 1492 2380 πρῶτον,
1524 2288 1588 2354 sive
1615 2289 1648 2352 in

20 2374 23 2391 ¹
98 2395 167 2478 ipsa
191 2395 385 2480 Theogonia
407 2396 472 2462 sive
495 2395 527 2460 in
550 2397 703 2480 peculiari
726 2399 864 2463 carmine
887 2397 983 2463 latius
1006 2398 1046 2463 de
1069 2397 1225 2463 sideribus
1248 2403 1353 2464 actum
1377 2402 1453 2462 erat.

190 2499 439 2588 Epimenides
466 2502 562 2568 semel
588 2504 621 2568 in
645 2503 877 2570 Catasterismis
900 2507 1081 2570 nominatur
1103 2505 1225 2570 XXVII
1253 2505 1335 2594 (Cat.
1359 2504 1396 2570 fr.
1419 2529 1448 2589 p.
1478 2503 1567 2590 148);
1594 2504 1649 2568 scd

20 2586 25 2637 ⁵
100 2611 240 2691 eundem
271 2609 368 2676 etiam
387 2609 414 2672 7
439 2609 520 2696 (Cat.
544 2609 581 2674 fr.
603 2633 633 2694 p.
657 2611 715 2697 66)
743 2609 927 2696 significari,
954 2611 1008 2676 uhi
1035 2613 1092 2692 qni
1119 2609 1243 2676 Cretico
1271 2613 1456 2692 cmmcrtprit
1483 2611 1650 2695 adlegatur

102 2719 212 2782 monui
243 2719 279 2782 in
302 2716 536 2800 Prclegomonis
563 2739 592 2802 p.
617 2718 646 2783 8.
673 2719 782 2802 itaque
810 2723 842 2783 st
865 2718 1049 2802 Capricorni
1076 2719 1210 2786 historia
1230 2741 1261 2803 p.
1287 2719 1358 2786 148.
1384 2719 1456 2798 149,
1483 2717 1594 2782 1-22
1617 2723 1651 2782 et

15 2904 17 2906 ρ
103 2823 224 2888 Bacchi
249 2824 470 2907 Ariadnesque
496 2845 618 2890 amores
640 2847 669 2908 p.
694 2826 745 2890 66.
769 2826 821 2903 67,
846 2826 886 2892 17
908 2865 950 2874 -
969 2825 1020 2890 68.
1040 2826 1132 2903 69,4
1159 2846 1197 2890 ex
1219 2827 1405 2913 Epimenide
1432 2825 1547 2890 hausta
1569 2831 1650 2890 sunt.

104 2930 244 3014 adparet
269 2938 375 2996 autem
398 2931 533 2997 eundem
555 2931 671 2996 librum
695 2953 771 3011 esse,
794 2954 885 3017 quem
909 2933 1067 2998 Diodorus
1091 2933 1122 2997 in
1146 2933 1241 2998 rebus
1264 2932 1396 2998 Creticis
1419 2930 1603 2997 enarrandis
1622 2930 1650 2994 V

14 3107 15 3111 ρ
107 3036 243 3103 64-80
271 3045 399 3121 praeter
420 3038 582 3116 Dosimlis,
610 3037 790 3118 Sosicratis,
817 3039 1049 3106 Laosthenidae
1077 3059 1174 3124 opera
1195 3038 1338 3124 adprime
1361 3038 1524 3106 consuluit.
1559 3037 1650 3103 Diod.

106 3143 133 3207 V
158 3145 213 3211 80.
248 3156 321 3222 τοῖς
347 3136 410 3229 γὰρ
437 3137 479 3210 τὰ
502 3140 724 3230 πιθανώτερα
746 3143 879 3230 λέγουσι
902 3147 957 3210 καὶ
980 3141 1121 3232 μάλιστα
1144 3145 1397 3231 πιστευομένοις
1421 3140 1650 3233 ἐπηκολουθή-

109 3267 224 3334 σαμεν,
254 3240 276 3316 ἃ
302 3250 364 3335 μὲν
392 3242 612 3336 Ἐπιμενίδῃ
634 3258 689 3337 τῷ
712 3249 893 3338 θεολόγῳ
916 3245 1156 3337 προσσχόντες,
1183 3242 1204 3317 d
1228 3252 1264 3318 61
1287 3248 1440 3336 Δωσιάδῃ
1463 3254 1519 3318 καὶ
1542 3257 1650 3318 Σωσι-

22 3436 27 3459 Ι
108 3353 227 3441 κράτει
251 3359 310 3423 καί
332 3359 612 3447 Λαοσθενίδᾳῑῑ)
643 3381 717 3424 nam
741 3359 800 3424 etsi
818 3361 977 3425 Diodorus
1000 3361 1225 3426 consuetudine
1249 3381 1306 3426 sua
1329 3359 1471 3426 omiserit
1493 3360 1566 3437 alia,
1588 3359 1652 3424 alia

111 3467 255 3544 variarit,
277 3471 384 3530 tamen
407 3487 487 3550 quae
508 3471 619 3530 narrat
646 3487 717 3531 cum
744 3465 929 3550 fragmentis
951 3466 1175 3552 Epimenideis,
1198 3488 1280 3550 quae
1302 3466 1387 3551 apud
1410 3465 1653 3531 Eratosthenem

23 3654 28 3663 Ι
113 3576 240 3649 extant,
272 3571 353 3636 bene
385 3571 581 3656 conspirant:
619 3572 801 3657 Capricorni
828 3573 980 3641 historiae
1003 3575 1090 3640 locus
1112 3578 1182 3639 arat
1204 3575 1287 3639 inter
1310 3595 1361 3652 ea,
1392 3593 1473 3656 quae
1495 3571 1653 3638 Diodorus

22 3717 26 3762 3,
113 3697 178 3761 cap.
205 3679 249 3744 70
273 3684 306 3742 εί
330 3679 369 3742 71
400 3678 440 3744 de
462 3678 545 3744 Iovis
572 3680 764 3767 pueritia¹²)
786 3687 904 3746 narrat
937 3687 969 3746 et
991 3703 1062 3746 cum
1085 3680 1242 3746 Diodorus
1264 3681 1292 3746 V
1317 3681 1409 3757 79,1
1440 3679 1653 3763 Oenopionem

113 3783 230 3850 Bacchi
254 3790 287 3849 et
309 3785 464 3851 Ariadnes
491 3785 590 3851 filium
618 3793 851 3866 commemoret,
877 3809 936 3871 par
959 3794 1007 3854 est
1030 3789 1063 3853 in
1086 3809 1123 3853 eo
1146 3808 1238 3872 quem
1261 3787 1411 3854 exscribit
1432 3786 1514 3852 libro
1537 3786 1652 3852 Bacchi

114 3890 332 3976 Ariadnesque
355 3914 477 3959 amores
500 3899 663 3960 enarratos
686 3892 790 3960 fuisse.
817 3893 1013 3978 Epimenidis
1036 3895 1135 3979 igitur
1157 3893 1297 3977 theologi
1320 3884 1469 3980 Κρητικὰ
1492 3913 1562 3958 cum
1585 3913 1653 3958 car·

22 4068 27 4080 ¹
117 3998 263 4076 minibus,
287 4021 367 4083 quae
389 3999 584 4084 Epimenidis
608 4000 710 4066 Cretis
733 4001 929 4067 celeberrimi
952 4001 1034 4067 vatis
1057 4002 1290 4086 sacerdotisque
1313 4001 1437 4066 nomine
1460 3999 1654 4076 ferebantur,

22 4130 25 4142 ·
117 4123 238 4170 summa
260 4113 426 4190 argument
443 4106 662 4172 isimilitndine
681 4110 847 4174 coniuncta
865 4114 947 4174 sunt.
970 4107 1150 4193 Epimenidi
1169 4107 1311 4174 Cretensi
1329 4128 1349 4172 a
1366 4106 1508 4190 Diogene
1526 4105 1654 4171 Laertio

119 4209 134 4273 I
160 4213 199 4277 10
221 4211 405 4279 tribuuntur
432 4207 618 4300 Κουρήτων
645 4216 702 4280 καὶ
729 4210 960 4300 Κορυβάντων
986 4214 1112 4301 γένεσις
1139 4217 1195 4280 καὶ
1218 4215 1380 4299 θεογονία
1402 4234 1548 4279 versuum
1571 4233 1653 4279 com·

120 4317 211 4399 plexu
238 4319 373 4404 quinque
400 4321 489 4386 milia
515 4325 548 4386 et
574 4321 652 4406 περὶ
674 4323 772 4386 Μίνω
795 4323 852 4386 καὶ
870 4314 1121 4407 Ῥαδαμάνθυος
1144 4343 1269 4388 carmen
1292 4341 1437 4388 versuum
1459 4319 1654 4404 complexum

209 4535 241 4602 ¹¹)
259 4533 459 4589 Leosthenidas
482 4549 615 4604 nusquam
640 4533 710 4589 alibi
728 4541 963 4590 commemoratur.
990 4534 1086 4605 itaque
1104 4535 1197 4590 nescio
1215 4551 1250 4591 an
1268 4534 1469 4590 restituendum
1488 4534 1525 4588 sit
1545 4519 1654 4604 Ayfuo-

124 4621 246 4696 σθενίδᾳ.
274 4623 489 4692 Aglaosthenem
508 4623 580 4679 enim
604 4623 633 4678 in
651 4623 766 4679 Naxicis
789 4623 913 4679 delusis
934 4624 1054 4694 pueritia
1073 4624 1156 4679 latins
1176 4623 1276 4694 egisse,
1300 4623 1361 4693 ipsa
1384 4640 1417 4679 ea
1437 4623 1555 4693 quaein
1574 4623 1655 4678 Cata·

22 4725 23 4766 i
124 4711 253 4766 sterismis
276 4719 373 4768 extant
395 4712 550 4781 fragmenta
573 4712 679 4767 docent.
708 4713 771 4767 vide
796 4713 854 4768 Cat.
874 4711 971 4782 fragm.
991 4714 1017 4768 lI
1036 4730 1062 4783 p.
1082 4715 1125 4770 56.
1150 4713 1229 4768 XXX
1248 4730 1275 4783 p.
1295 4715 1354 4769 156.
1378 4719 1500 4768 ceterum
1520 4712 1553 4768 cf.
1573 4711 1654 4767 infra.

211 4801 242 4871 ¹¹)
261 4805 336 4858 lnter
353 4801 526 4872 Epimenidis
545 4807 574 4856 et
592 4801 700 4857 Musaei
719 4801 893 4856 manationes
911 4808 1024 4872 praeter
1042 4801 1112 4856 alias
1131 4804 1201 4858 haec
1220 4817 1330 4871 quoque
1343 4800 1535 4856 intercedebat
1552 4801 1655 4856 discre-

126 4887 227 4956 pantia,
253 4891 324 4959 qnod
346 4889 392 4946 hic
415 4889 504 4962 ipsam
523 4891 698 4947 Amaltheam
722 4907 834 4960 capram
858 4890 943 4946 fnisse
967 4891 1056 4958 (Diod.
1075 4892 1100 4946 V
1120 4893 1161 4957 70,
1181 4893 1220 4956 31,
1245 4890 1293 4944 111ο
1313 4889 1488 4946 Amaltheam
1507 4891 1655 4962 nympham

128 4990 230 5044 capram
249 4980 351 5035 aluisse
371 4981 439 5046 (Cat.
459 4979 556 5050 fragm.
576 4981 643 5034 Xlll
662 4998 688 5050 p.
709 4981 769 5046 102)
788 4979 876 5034 finxit.
914 4979 948 5034 cf.
969 4979 1054 5035 etiam
1072 4997 1099 5048 p.
1118 4983 1171 5036 226
1189 4981 1251 5035 adn.
1272 4983 1313 5034 11.

1410 5072 1443 5124 16
