3906 5800
265 457 363 510 Seuer..
384 457 476 509 Genu.
496 455 528 510 G.
549 471 574 524 p.
596 457 654 521 135,
676 457 716 510 18.
1162 455 1294 508 Huoruus
1313 454 1348 518 11,
1367 455 1409 508 21.
1596 455 1657 520 107

204 631 303 696 Porro
339 639 467 698 taurum
499 634 582 697 inter
614 637 701 698 astra
732 635 860 717 quidam
961 633 1020 698 Hie
1047 632 1164 697 dicitur
1191 632 1274 695 inter
1297 637 1384 696 astra
1407 653 1474 696 esse
1497 633 1614 696 eonsti—
1701 631 1782 684 XIV·

162 745 278 822 putant
303 741 441 822 positum
467 745 598 824 proptor
626 739 745 816 Iovem,
776 739 861 823 quod
915 747 1011 816 tutus,
1030 740 1115 822 quod
1130 739 1290 822 Europam
1308 738 1496 803 incolumem
1510 745 1614 803 trans·
1680 721 1800 776 Tam·

161 845 192 908 in
222 845 333 910 bovem
356 849 398 910 sit
421 846 563 912 fabulose
585 867 760 911 conversus.
806 846 862 912 alii
915 846 1035 912 vexerit
1058 846 1193 923 Cretam,
1216 850 1252 910 ut
1274 845 1443 929 Euripides
1467 845 1552 910 dicit.

156 972 235 1042 poro
265 973 319 1034 pro
343 973 380 1018 eo
403 955 487 1036 quod
510 951 671 1036 Europam
694 953 862 1018 adduxerit

134 1067 181 1121 oa
216 1057 371 1124 Phoenice
406 1080 464 1142 por
500 1059 638 1124 medium
675 1080 793 1142 aequor
830 1059 863 1122 in

122 1195 125 1200 ·
161 1163 284 1230 Creten.

120 1599 150 1650 10
206 1589 352 1674 Plerique
384 1595 490 1655 autom
518 1591 622 1666 aiunt,
654 1591 764 1655 bovem
793 1611 860 1656 esse
958 1591 1109 1655 Nonnulli
1128 1594 1226 1667 aiunt,
1249 1613 1320 1656 eum
1338 1591 1373 1654 Io
1391 1589 1424 1654 iu
1442 1590 1553 1654 bovem
1573 1591 1614 1653 sit
1626 1599 1659 1651 10

159 1696 354 1762 imitatorem
382 1697 467 1762 lonis
500 1703 532 1761 et
565 1697 636 1762 ideo
662 1697 747 1761 inter
774 1705 861 1762 astra
914 1719 1076 1774 conversa,
1103 1703 1140 1762 ut
1163 1697 1285 1780 Iupiter
1312 1698 1341 1760 ei
1365 1695 1546 1762 satisfacere
1569 1696 1614 1758 vi-

160 1824 181 1866 a
204 1803 277 1867 Iove
299 1804 504 1869 conlocatum.
914 1805 1052 1880 deretur,
1074 1805 1158 1868 inter
1176 1803 1282 1868 sidera
1299 1802 1508 1879 eonstituisso‚
1531 1802 1614 1884 quod

914 1911 981 1975 eins
1003 1912 1090 1993 prior
1112 1931 1186 1992 pars
1209 1910 1363 1992 adpareat
1384 1915 1421 1974 ut
1444 1909 1537 1984 tauri,
1559 1908 1615 1972 sed

915 2017 1070 2098 reliquum
1111 2037 1223 2098 eorpus
1261 2015 1425 2080 obscurius
1461 2015 1614 2080 videatur.

915 2128 1037 2206 spectat
1059 2127 1165 2188 autem
1187 2122 1228 2186 ad
1253 2127 1397 2186 exortum
1420 2121 1503 2186 solis
1602 2131 1660 2182 ¹15

404 2455 430 2508 p.
452 2441 511 2504 rae,
532 2441 573 2494 17.

206 2546 303 2610 Tauri
336 2566 460 2630 quoquc
492 2547 592 2624 frons,
625 2569 707 2630 paee
734 2547 862 2612 suculae
960 2547 1056 2612 Cuius
1088 2547 1151 2611 oris
1179 2544 1316 2628 effigiem
1346 2535 1426 2628 qnae
1454 2546 1615 2610 continent
1661 2545 1809 2616 (Headoe)

121 2652 382 2730 ieameamer,
416 2675 435 2717 a
467 2653 647 2738 Pherecyde
675 2653 859 2718 Atheniensi
913 2654 1033 2730 stellae,
1053 2653 1177 2736 Hyades
1197 2652 1404 2735 adpellantur.
1432 2651 1490 2716 has
1510 2658 1660 2716 autem20

164 2779 316 2822 mammae
339 2757 435 2822 luisse
458 2759 606 2824 dicuntur
629 2760 736 2824 Liberi
760 2761 860 2844 patris
914 2759 1110 2842 Pherecydes
1130 2757 1331 2824 Atheniensis
1350 2757 1458 2822 Liberi
1478 2759 1615 2822 nutrices

165 2871 196 2928 et
217 2869 347 2929 vocatae
370 2865 572 2930 Dodoniades
596 2887 736 2950 sponsae.
915 2887 982 2931 esse
1006 2867 1202 2931 demonstrat
1225 2885 1355 2928 numero
1379 2851 1514 2946 septemss
1537 2885 1615 2947 quas

916 2974 1011 3036 etiam
1043 2978 1139 3036 autea
1165 2971 1320 3054 nymphas
1348 2970 1532 3035 Dodonidas
1559 2970 1615 3035 ad-

914 3077 1056 3160 pellatas.
1116 3078 1227 3142 harum
1261 3076 1389 3141 nentina
1420 3083 1494 3141 sunt
1525 3077 1615 3141 haec:

915 3182 1095 3259 Ambrosia,
1118 3183 1261 3260 Eudora,
1284 3183 1451 3265 Phaesyle,
1475 3181 1615 3258 Coronis,
1625 3191 1660 3246 25

816 3335 818 3338 -
914 3289 1046 3373 Polyxo,
1073 3289 1194 3366 Pham,
1222 3289 1331 3354 Dione.
1378 3288 1438 3352 hae
1467 3288 1616 3354 dicuntur

155 3557 264 3610 1Porro
280 3559 387 3609 taurum
405 3571 596 3608 -conrersus
626 3560 862 3621 possonlseaecc
951 3555 1227 3610 xlvrssrruomn:
1248 3550 1322 3605 Sere.
1342 3553 1438 3622 Geerp.
1454 3555 1538 3608 1218
1552 3555 1659 3621 (paor

123 3645 158 3696 eis
171 3660 233 3705 ease,
253 3659 326 3711 quae
344 3643 403 3696 eolo
417 3643 497 3696 solsol.
516 3643 605 3696 Germ.
623 3642 649 3696 G
662 3650 811 3697 seruarent
826 3644 860 3709 cf.
1181 3643 1275 3696 adnot.
1298 3643 1393 3710 Lien).

124 3731 418 3801 Proleycmenap.243
435 3730 861 3797 oeceserrtealinOridic'uersi-
950 3751 976 3788 ιο
995 3732 1086 3786 aiunt:
1105 3738 1197 3785 autem
1212 3731 1241 3783 V.
1280 3733 1378 3784 loom.
1398 3731 1464 3786 DV.
1561 3747 1587 3786 rs
1604 3730 1661 3786 ,oris

123 3820 169 3873 hus
182 3821 233 3874 aab
248 3819 375 3888 Epaone
390 3819 539 3888 adscriptis
558 3821 721 3888 confirmari
740 3821 863 3888 maletum
916 3839 959 3875 ont
974 3821 1003 3874 V.
1059 3837 1084 3876 sn
1103 3827 1186 3874 antea
1205 3835 1255 3872 om.
1276 3819 1309 3873 a.
1374 3835 1400 3876 as
1421 3820 1554 3888 l'haesyle
1573 3819 1660 3872 Soter.

123 3913 149 3960 ut
167 3909 198 3961 id
217 3925 326 3976 quoque
345 3909 463 3977 copitar-i
476 3909 660 3976 polestloru's
677 3908 804 3973 fabulam
823 3911 862 3964 bis
917 3909 1025 3978 Phytilo
1041 3910 1071 3962 V.
1100 3907 1208 3978 Ptydile
1227 3907 1263 3960 D.
1384 3926 1410 3964 ae
1429 3911 1544 3980 Polyxo:
1564 3906 1661 3961 Pulixo

122 3997 539 4062 narratamsoc'sseclslovem
555 3999 586 4050 in
601 3999 701 4061 Ionem,
718 4014 863 4053 conversus
917 3998 983 4051 DV.
1018 3999 1121 4051 Phaeo:
1150 3998 1254 4066 Phyeto
1285 3997 1314 4049 V.
1361 3997 1460 4052 Phieto
1483 3998 1520 4051 D.
1574 3997 1661 4050 Dione

122 4087 149 4136 in
172 4101 304 4140 conversa
327 4085 493 4138 metandum
517 4102 579 4140 csse.
691 4104 716 4140 ιι
741 4087 813 4141 Ionis
835 4091 861 4158 β,
916 4087 1015 4154 scripsi
1037 4086 1071 4151 cf.
1098 4084 1186 4139 Oetal.
1209 4085 1245 4151 fr.
1270 4085 1335 4137 III:
1369 4085 1457 4140 Tiene
1480 4087 1517 4140 D.
1565 4086 1661 4140 Thone

122 4171 185 4228 iuris
207 4173 240 4227 G.
314 4191 339 4229 aa
358 4190 474 4244 sponsae
493 4175 509 4226 i.
531 4191 551 4228 c.
572 4170 694 4243 crippus!
921 4175 950 4228 V.
988 4175 1101 4244 Thyene
1120 4175 1209 4244 culpo.
1247 4177 1311 4229 hae:
1331 4175 1401 4228 haee
1417 4175 1448 4227 V.
