3920 5806
219 400 319 456 Senon.
339 399 432 455 Gran
452 401 483 456 G.
503 419 528 471 p.
550 403 609 467 173,
633 403 670 456 18
1114 403 1244 456 Hronrus
1265 403 1298 466 II,
1318 403 1360 456 31.
1548 405 1610 468 177

162 581 283 648 Dicitur
315 586 421 646 autem
452 555 594 647 fabulose
621 602 641 646 a
667 579 814 665 Neptuno
912 581 959 646 De
990 581 1051 648 hoc
1081 581 1198 648 dicitnr
1230 586 1267 646 ut
1297 602 1317 645 a
1348 579 1496 665 Neptuno
1526 582 1569 646 sit
1627 581 1765 636 XXXVI

13 759 14 764 .
123 688 229 752 missus
256 689 298 754 ad
322 687 481 772 Cepheum
507 695 602 772 propt
603 710 637 754 er
588 687 815 754 tinvidiam
867 687 997 753 missum
1031 695 1067 753 nt
1098 688 1332 754 Andromedam
1368 686 1569 766 interficeret,
1652 669 1739 725 ΟΜ·

118 795 383 861 etAndromedae
397 801 430 860 et
417 794 597 874 tNereidis,
611 817 692 880 quae
705 817 764 861 con
765 801 816 860 tra
869 797 908 860 de
922 817 985 881 qua
998 800 1053 861 ant
1039 796 1235 870 tdiximuse;
1253 795 1309 860 sed
1323 796 1408 879 quod
1421 816 1441 861 a
1453 795 1568 862 Perseo

122 901 310 986 Cassiepiam
346 902 569 970 exardescebat
605 925 685 987 prop
686 908 736 968 ter
766 903 815 968 ni·
869 902 911 968 sit
942 903 1090 969 interfect
1076 910 1156 981 t‚um
1187 908 1318 986 propter
1349 904 1568 968 inmanitatem

100 1009 212 1075 amiam
237 1009 495 1094 pulcritudinem,
521 1032 541 1074 a
568 1010 682 1076 Perseo
710 1014 815 1075 autern
869 1011 1009 1093 corporis
1032 1017 1065 1076 et
1087 1011 1171 1075 Illius
1189 1011 1339 1074 virtutem
1362 1009 1446 1075 inter
1463 1012 1569 1076 sidere
1595 1020 1612 1074 ὁ

121 1117 324 1202 interemptus
363 1123 395 1182 et
430 1117 471 1183 ob
512 1117 573 1183 hoo
609 1117 693 1182 inter
729 1122 816 1182 astra
869 1117 1072 1184 conlocatum.

123 1224 306 1291 conlocatus

1185 1545 1234 1611 ΙΙΙ,
1253 1545 1296 1601 30.

161 1649 265 1716 Habet
291 1658 397 1718 autem
423 1651 530 1717 stellas
559 1652 592 1715 in
619 1651 738 1717 caudae
761 1675 814 1718 ex·
912 1652 974 1718 Sed
995 1652 1093 1718 habet
1116 1653 1148 1717 in
1172 1659 1314 1718 extrema
1336 1655 1436 1719 wuda
1459 1654 1566 1720 stellas

18 1801 19 1814 ι
120 1765 216 1825 tremo
239 1759 341 1823 claras
369 1758 461 1836 duas,
487 1780 507 1823 a
529 1760 631 1824 cauda
653 1781 750 1844 usquo
773 1762 812 1826 ad
868 1759 900 1825 Il
918 1760 1076 1838 obscuras,
1098 1760 1139 1824 ab
1162 1781 1199 1825 co
1222 1761 1292 1826 loco
1314 1763 1473 1846 usquead
1492 1762 1566 1825 reli-

18 1894 21 1973 Ξ
120 1865 246 1949 gibbum
269 1868 336 1932 eius
359 1886 421 1931 sex.
445 1865 504 1931 sub
523 1871 631 1932 ventre
648 1887 710 1932 sex.
733 1866 813 1932 finnt
866 1868 920 1950 qui
944 1867 1082 1951 eorporis
1102 1871 1302 1933 curvaturam
1320 1867 1358 1945 V,
1381 1868 1439 1934 sub
1458 1873 1566 1933 ventre

19 1986 23 2013 ¹
120 1995 223 2039 omnes
246 1972 351 2038 XIIII.
866 1972 921 2050 VI,
944 1974 1069 2038 omnino
1093 1973 1179 2039 XIII.

358 2632 384 2685 p.
406 2615 465 2680 174,
484 2617 526 2670 20.

160 2725 221 2790 Hic
242 2729 349 2790 autem
376 2721 501 2802 fluvius,
528 2723 566 2786 de
588 2743 650 2804 pao
669 2721 815 2803 praefati

116 2852 236 2910 samos,
264 2831 306 2896 ab
329 2831 428 2896 Arato
456 2831 602 2918 veltalit's
625 2830 815 2913 quibusdam

116 2939 286 3016 Eridanus,
314 2939 371 3022 qui
397 2942 426 3002 ct
454 2938 565 3004 Padus
591 2937 718 3017 dicitur,
747 2959 814 3004 osse
870 2969 871 2974 .

78 3051 254 3129 reputatur.

18 4246 24 4400 Ι
113 4327 506 4384 11-1rom.0.dcdieaS.
578 4325 814 4384 recondemur
904 4329 965 4380 rut
982 4322 1058 4379 MR:
1077 4322 1149 4392 qnod
1168 4321 1226 4376 De
1244 4321 1301 4375 olii.
1374 4319 1517 4375 amissum
1535 4318 1604 4372 MR.

19 4404 23 4454 I
85 4416 201 4487 quinque.
239 4435 265 4474 ιι
284 4419 377 4473 XIIII:
398 4417 509 4472 dedeina
527 4417 603 4471 XIII.
868 4413 965 4468 missus
984 4413 1042 4466 alii.
1101 4410 1308 4467 siuterfeotum
1328 4408 1369 4462 rr.
1389 4407 1551 4464 Interfector
1571 4407 1605 4462 R.

867 4502 915 4558 aad
933 4519 946 4556 s
963 4501 995 4555 ia
1012 4517 1125 4556 raama.
