3920 5806
1604 417 1667 485 239

90 597 165 664 sine
203 597 389 682 elegantia
421 621 458 664 ex
489 599 668 666 litterarum
695 599 904 666 monumentis
936 599 1144 683 repetierunt,
1175 599 1255 664 illud
1288 599 1390 683 ipsum
1416 599 1527 682 populi
1556 597 1669 665 Graeci

88 703 298 788 ingenium,
333 711 565 789 nascunturque
593 707 672 773 tales
696 707 835 784 fabulae,
862 728 925 772 non
950 706 1152 771 inueniuntur
1174 725 1276 789 neque
1300 711 1538 789 componuntur.
1571 727 1669 789 quare

92 812 186 896 quod
214 811 335 879 Orion
359 813 539 898 Scorpionis
562 813 628 880 ictu
649 820 793 880 mortuus
816 815 942 891 dicItuu
965 815 1075 878 eodem
1098 813 1132 878 id
1155 813 1354 880 referendum
1378 819 1439 890 est,
1465 819 1560 898 atque
1584 815 1668 897 quod

92 919 276 985 Homerus
306 921 425 988 Ursam
448 921 571 998 Orioni,
593 925 735 988 venatori
762 922 910 986 nimirum
933 920 1137 998 validissimo,
1160 919 1312 986 insidiari.
1340 921 1390 1006 (Σ
1409 921 1474 986 488
1498 950 1541 978 =
1565 944 1580 986 s
1604 921 1668 986 274

95 1027 156 1090 καί
188 1017 229 1090 τ’
265 1018 414 1112 Ὠρίωνα
443 1024 588 1115 δοκεύει)
621 1034 654 1095 et
685 1031 752 1113 ipse
784 1028 941 1094 Hesiodus
971 1027 1100 1094 Pliadas
1132 1028 1250 1094 Orione
1272 1027 1416 1114 iugsre⁴)
1445 1028 1523 1094 dicit
1550 1029 1670 1117 (Opere.

94 1133 165 1196 619
196 1120 242 1198 εὖ
270 1125 312 1198 τ’
337 1126 378 1200 ἂν
397 1131 560 1222 fluescere
583 1135 706 1214 σθένος
729 1128 890 1220 ὄμβριμον
913 1127 1067 1220 Ὠρίωνος
1087 1133 1100 1220 ΙΙ
1122 1129 1305 1219 φεύγουσαι
1327 1135 1497 1201 πίπτωσιν
1520 1134 1553 1213 ἐς
1574 1128 1668 1224 ἠερο-

95 1239 198 1306 ειδέα
225 1237 397 1328 πόντον).
430 1243 537 1326 itsque
564 1243 590 1308 si
618 1265 699 1327 quae
722 1244 848 1308 omniuo
871 1245 905 1306 'm
928 1242 1161 1307 Cetesterismis
1184 1245 1293 1306 extant
1315 1241 1535 1310 Astronomiae
1558 1244 1669 1310 Hesio-

98 1347 187 1412 deae
218 1349 403 1432 reliquiae,
431 1349 492 1416 hae
519 1351 601 1416 duae
629 1357 713 1417 certe
741 1350 867 1416 fabulae
894 1349 969 1415 illuc
996 1347 1182 1414 referendae
1204 1354 1285 1414 suut
1318 1369 1452 1432 quarum
1474 1373 1545 1417 cum
1568 1353 1670 1419 altera

13 1535 14 1538 Ἴ
99 1455 253 1522 Arcadis
282 1457 305 1522 i.
330 1477 354 1522 ο.
383 1455 622 1542 Arctophylocis
653 1457 788 1524 historia
814 1456 892 1522 VIII
925 1455 1005 1543 (Cat.
1029 1455 1140 1541 fragm.
1169 1479 1198 1539 p.
1223 1456 1280 1542 74)
1312 1462 1378 1522 tam
1405 1463 1475 1522 arte
1503 1459 1669 1524 coniuncta

101 1567 169 1639 cst,
200 1567 245 1626 ut
278 1562 390 1630 divelli
416 1571 566 1648 nequeat,
594 1565 649 1630 sed
676 1565 783 1649 potius
809 1585 867 1649 pro
890 1549 1048 1630 Hesiodee'
1074 1568 1107 1629 et
1134 1565 1203 1647 ipsa
1229 1562 1376 1630 habenda
1403 1565 1452 1630 sit.
1484 1570 1594 1630 conus
1621 1587 1668 1644 ee,

14 1725 15 1734 ,
101 1690 192 1752 quae
219 1670 267 1735 de
296 1669 406 1736 Phrixi
429 1671 529 1738 eriete
552 1693 592 1736 ex
614 1671 753 1738 Hesiodo
775 1671 1018 1756 Pherecydeque
1044 1675 1215 1736 narrantur
1237 1670 1314 1734 XIX
1336 1692 1365 1754 p.
1392 1671 1469 1748 124,
1497 1692 1535 1736 ex
1558 1672 1667 1740 Astro-

103 1778 266 1862 nomia⁵)
296 1778 483 1863 depromptu
510 1801 577 1846 esse
604 1779 811 1844 nullomodo
838 1783 983 1862 possunt,
1011 1781 1038 1843 si
1065 1777 1193 1862 quidem
1220 1777 1277 1842 ills
1303 1799 1337 1844 re
1360 1799 1435 1843 vere
1461 1777 1502 1844 ab
1530 1779 1668 1846 Hesiodo

103 1883 278 1968 profecta,
304 1887 379 1969 quid
402 1887 491 1953 dico?
515 1888 540 1952 si
564 1891 638 1952 ante
662 1893 785 1952 sextum
803 1887 961 1951 saeculum
984 1886 1112 1951 condita
1131 1889 1187 1951 est.
1220 1906 1294 1950 nsm
1314 1885 1431 1951 Arietis
1449 1887 1563 1952 sideris
1580 1907 1667 1954 men-

107 1992 239 2058 tionem
272 1994 308 2058 in
335 1992 451 2060 litteris
478 1995 598 2078 graecis
625 1997 700 2058 ante
728 1992 939 2058 Cleostratum
961 1993 1135 2058 Tenedium
1163 2013 1227 2056 non
1254 1993 1396 2059 extitisse
1423 1992 1521 2058 Plinii
1548 1994 1667 2062 diserto

13 2147 20 2180 9
108 2099 311 2166 testimonio
325 2101 362 2164 N.
377 2101 416 2167 H.
431 2100 462 2165 lI
478 2101 518 2166 31
540 2106 670 2166 constat.
694 2121 731 2164 eo
749 2099 878 2165 fuerunt
896 2121 971 2166 seue
989 2101 1044 2183 qui
1059 2099 1293 2165 Astrouomiam
1306 2100 1523 2165 Alexandrina
1541 2102 1666 2168 demum

109 2211 224 2272 aetate
246 2227 270 2272 a
295 2207 423 2272 falsario
441 2209 647 2292 compositam
666 2227 734 2273 esse
751 2211 914 2290 putarent3
937 2229 954 2272 e
974 2207 1089 2290 quibus
1107 2211 1234 2291 praeter
1252 2211 1373 2272 ceteros
1390 2206 1574 2274 nominandi
1593 2214 1668 2274 sunt

113 2311 257 2380 Carolus
288 2313 324 2380 0.
352 2315 503 2380 Miillsrus
536 2314 777 2402 (Prolsgomena
803 2315 846 2380 a'd
872 2313 971 2398 Myth.
998 2337 1027 2398 p.
1055 2313 1132 2398 193)
1160 2317 1193 2380 et
1220 2313 1489 2380 Murkscheffelius
1521 2315 1667 2402 (Hesiodi

17 2501 18 2504 Ἴ
113 2427 172 2486 etc
194 2421 315 2507 fragm.
335 2443 364 2505 p.
387 2423 473 2508 196).
507 2428 541 2488 at
563 2444 603 2488 ne
621 2429 690 2488 tum
708 2422 835 2506 quidem
853 2421 945 2488 Aries
964 2421 996 2484 in
1015 2422 1072 2486 illa
1091 2422 1326 2487 commemorari
1349 2426 1484 2507 poterat,
1506 2422 1567 2488 nisi
1586 2421 1668 2488 forte

115 2528 333 2596 stolidissime
365 2528 457 2594 simul
489 2535 585 2613 atque
617 2529 856 2596 inscientissime
883 2528 1045 2594 falsarium
1073 2530 1173 2613 egisse
1200 2529 1342 2612 miraque
1369 2529 1556 2595 credulitate
1584 2529 1667 2596 illius

116 2638 239 2702 estatis
275 2636 418 2702 homines
449 2637 610 2720 praeditos
638 2636 735 2702 fuisse
762 2635 822 2700 tibi
853 2633 954 2720 fingis.
991 2636 1047 2702 sed
1073 2636 1162 2702 nulla
1183 2635 1287 2701 adhuc
1318 2635 1432 2702 idonea
1462 2637 1589 2720 prolate
1620 2644 1668 2732 est

15 2783 22 2842 ρ
118 2765 232 2823 causa,
268 2765 325 2809 cur
355 2748 422 2810 tam
452 2745 572 2808 recenti
599 2746 698 2809 aetati
728 2743 789 2810 hoc
820 2764 946 2808 carmen
978 2742 1161 2810 tribuamus.
1202 2743 1298 2807 immo
1328 2744 1556 2810 conclamatum
1587 2743 1667 2810 illud

120 2849 316 2916 Callimachi
335 2851 528 2934 epigramma
545 2849 652 2914 XXIX
671 2850 814 2917 Schneid.
834 2850 945 2934 (Anth.
964 2850 1030 2916 Pal.
1049 2848 1204 2938 111507),
1223 2851 1308 2935 quod
1326 2850 1419 2917 Arati
1436 2852 1667 2918 Phaenomenis

119 2957 314 3042 inscriptum
338 2957 435 3024 luisse
457 2957 552 3023 hodie
576 2958 659 3022 iuter
683 2978 789 3024 omues
812 2963 949 3022 constat:

337 3091 491 3166 Ἡσιόδου
514 3095 555 3165 τό
579 3091 648 3185 1²⁶)
673 3091 789 3184 ἄεισμα
812 3101 868 3165 καὶ
892 3091 910 3165 ὁ
934 3095 1073 3185 τρόπος·
1098 3089 1140 3165 od
1162 3091 1224 3165 τὸν
1248 3090 1375 3166 ἀοιδῶν

449 3203 597 3292 ἔσχατον,
622 3199 697 3272 ἀλλ’
721 3199 829 3272 όκνέω
852 3198 958 3294 μὴτὸ
981 3201 1220 3292 μελιχρότατον

340 3321 411 3378 τῶν
435 3311 545 3380 ἐπέων
569 3305 587 3379 ὁ
612 3305 741 3390 Σολεὺς
764 3307 964 3399 ἀπεμάξατο.
996 3315 1125 3400 χαίρετε
1149 3314 1268 3378 λεπταί

448 3416 568 3507 ῥήσιες,
595 3413 728 3508 Ἀρήιον
752 3417 919 3506 σύμβολον
943 3413 1135 3507 ἀγρυπνίης,
1145 3421 1171 3508 l)

22 3578 28 3633 ’,
126 3585 320 3650 quamquam
342 3585 433 3647 posse
456 3566 497 3630 ad
517 3564 622 3648 Opera
644 3566 800 3648 respicere
823 3586 885 3631 uon
907 3565 1095 3648 negaverim,
1118 3563 1222 3648 aptius
1241 3571 1347 3632 tamen
1364 3565 1405 3630 sd
1425 3563 1668 3632 astronomicum

23 3656 27 3757 Ξ
126 3672 272 3755 aliquod,
300 3671 385 3754 quod
408 3671 539 3737 Hesiodi
562 3672 688 3737 nomine
711 3671 880 3752 ferebatur,
903 3694 980 3757 opus
1003 3671 1115 3738 referri
1138 3671 1301 3737 contendo.
1333 3693 1434 3756 neque
1456 3672 1597 3757 inlepida
1619 3678 1668 3738 est

127 3777 257 3864 Berghii
276 3779 458 3846 coniectura
475 3777 614 3864 (Griech.
632 3779 860 3864 Literergesch.
880 3780 895 3844 l
913 3802 943 3864 p.
966 3778 1064 3866 1010)
1084 3778 1318 3845 Astrouomiam
1336 3779 1493 3863 Operibus
1512 3779 1667 3846 adnexum

128 3977 341 3988 ---...-—--

218 4118 239 4186 ⁴)
259 4119 290 4172 In
313 4133 382 4174 nuce
406 4117 452 4173 hic
476 4116 574 4184 hebes,
599 4118 669 4188 quod
693 4116 861 4174 recentiores
884 4123 983 4188 poetae
1007 4116 1082 4173 velut
1101 4115 1240 4174 Sminthea
1263 4123 1291 4173 et
1314 4115 1448 4174 Pindarus
1471 4115 1555 4174 striis
1578 4115 1666 4176 modis

132 4214 339 4262 exornaverunt.
369 4207 403 4262 cf.
422 4225 507 4278 supra
524 4225 550 4276 p.
571 4208 605 4261 42
625 4215 697 4279 etp.
719 4209 800 4264 136⁸.

218 4295 239 4361 ὖ)
259 4295 301 4350 Ad
321 4298 522 4352 Astronomiam
546 4296 574 4351 id
594 4295 776 4366 fragmentum
795 4297 857 4352 ideo
877 4297 994 4353 muxime
1014 4296 1122 4352 rettulit
1141 4297 1395 4366 Murhscheffelius‚
1416 4299 1488 4367 quod
1507 4295 1534 4352 in
1553 4295 1666 4354 schollis

133 4384 294 4440 Strozzianis
313 4403 339 4455 p.
360 4387 446 4453 142,8
465 4387 499 4441 ab
519 4385 562 4441 his
582 4385 673 4441 verbis
692 4386 802 4456 incipit:
826 4387 948 4442 Arinem
966 4403 1098 4454 ιιανιριιι,
1121 4391 1154 4440 ct
1172 4385 1312 4441 Hesiodus
1329 4392 1355 4442 ct
1373 4383 1542 4458 Pherecydes
1560 4383 1665 4458 diceet,

132 4474 219 4529 teter
247 4481 342 4529 astra
369 4477 583 4530 conlocatum
601 4481 716 4546 propter
738 4477 875 4530 Phrixum
899 4483 924 4532 et
946 4477 1054 4530 Hellen.
1083 4481 1113 4530 at
1136 4476 1170 4530 de
1192 4475 1288 4530 horum
1312 4476 1476 4531 scholiorum
1500 4477 1665 4532 auctoritate

20 4627 21 4633 ρ
134 4564 197 4632 quid
214 4564 390 4620 iudicandum
413 4565 450 4620 sit
472 4572 535 4636 post
554 4582 599 4632 ea,
624 4581 693 4634 quse
717 4565 745 4620 iu
764 4565 907 4636 Epimetro
930 4566 1018 4635 primo
1037 4563 1245 4635 disputavaus
1264 4565 1402 4619 neminem
1421 4564 1517 4634 fugiet.
1545 4581 1579 4620 ex
1597 4565 1665 4635 Epi-

19 4689 21 4728 ³.
134 4655 202 4708 tome
220 4653 433 4724 melioribusque
453 4654 569 4708 testibus
589 4654 658 4709 nihil
677 4654 798 4710 efficitur
815 4655 870 4710 nisi
888 4655 1038 4710 Hesiodum
1058 4653 1140 4709 arieti
1158 4652 1259 4724 pellem
1279 4669 1391 4710 cursem
1405 4655 1544 4710 tribuisse.
1572 4661 1666 4710 cetera

134 4757 193 4796 num
214 4759 247 4798 ex
266 4743 387 4800 Hesiodo
405 4759 440 4798 au
460 4759 494 4798 ex
513 4745 672 4816 Pherecyde
691 4743 746 4799 siut
765 4746 935 4814 deprompto,
955 4761 989 4800 ex
1007 4744 1200 4800 Eratosthenis
1219 4742 1310 4798 verbis
1329 4743 1476 4799 diiudicari
1495 4743 1599 4814 nequit.

218 4832 238 4896 ο)
258 4827 290 4886 τό
309 4827 337 4887 τ’
356 4832 556 4889 Blomfieldius.
584 4829 617 4888 τό
637 4829 663 4888 d'
683 4833 762 4889 liber.

218 4919 238 4988 ἵ)
256 4920 361 4992 Recepi
379 4922 539 4978 Ruhnkenii
558 4923 750 4980 coniecturum.
779 4917 913 4988 σύντονος
931 4919 1071 4994 ἀμρυπνίη
1091 4922 1169 4979 liber.
1198 4920 1248 4978 elii
1266 4921 1322 4977 slis
1342 4921 1575 4993 excogitaverunt,
1595 4937 1665 4991 quae

137 5003 192 5064 vide
211 5013 285 5081 apud
303 5012 430 5068 editores.
