3908 5802
200 474 295 526 Scsou.
315 473 407 526 Graan,
430 473 461 526 G.
481 491 507 542 p.
531 475 587 538 121,
611 476 650 527 19.

142 1293 239 1358 Habet
256 1298 363 1358 autem
382 1292 490 1358 auelles
508 1293 540 1357 in
560 1293 664 1386 capite
686 1291 788 1377 splen-

104 1399 199 1464 didam
216 1421 320 1476 unam‚
342 1399 376 1463 in
398 1399 528 1465 sinistra
545 1420 640 1464 manu
659 1405 734 1477 tres,
756 1399 789 1464 in

105 1507 204 1571 dextra
226 1511 389 1590 quattuor,
414 1502 457 1569 in'
471 1526 659 1590 unoquoque
681 1527 789 1570 umero

75 1613 287 1696 inspleudIdam
310 1634 419 1690 unam,
446 1613 480 1678 in
503 1612 618 1678 lumbis
642 1613 729 1690 duas,
756 1613 790 1676 in

106 1727 224 1804 utroque
242 1741 324 1803 genu
342 1719 491 1803 singulas,
509 1720 543 1785 iu
562 1720 693 1784 dextera
710 1717 791 1784 tibia

105 1847 199 1902 unam,
234 1827 267 1890 in
304 1827 436 1909 singulis
471 1824 606 1910 pedibus
641 1825 789 1910 siugulas.

106 1939 169 1997 sunl
189 1954 294 1998 omues
317 1933 416 2000 XVII.
440 1954 509 1998 cum
536 1933 586 1998 his
609 1954 682 1998 uero
709 1953 791 2015 quae

107 2041 132 2104 iu
154 2040 285 2124 serpenti
309 2047 382 2104 suut
407 2038 515 2104 XXIII
534 2039 605 2078 *Η

97 3747 248 3808 nquattunr:
259 3748 316 3796 tres
328 3739 361 3796 G.
373 3741 488 3796 correxi.
521 3759 547 3798 m
556 3742 690 3796 lacunam
699 3743 792 3810 signn-

72 3827 97 3894 n',
114 3845 179 3896 qnae
195 3831 236 3885 ita
252 3829 312 3898 scre
330 3829 467 3898 ecplenda
486 3837 526 3884 eat
543 3830 613 3885 frunt
625 3845 719 3884 omnes
734 3831 792 3885 XL.

1091 471 1221 525 llunruus
1241 473 1275 535 ll,
1298 473 1337 524 II.
1545 475 1582 538 71

843 653 910 718 cine
929 673 1026 734 cpcrc
1045 652 1194 716 recredere
1213 650 1371 716 dixerant.
1396 671 1455 734 pro
1479 672 1541 733 quo

842 765 878 823 ut
899 764 1030 843 peccato
1053 758 1153 822 lovem
1173 758 1301 822 domum
1320 758 1387 822 cius
1410 755 1542 821 fulmine

844 865 1032 942 incendisse,
1054 864 1159 947 ipsum
1182 870 1287 928 autem
1311 870 1442 948 propter
1464 863 1542 928 arti·

843 969 946 1036 ficium
970 978 1002 1036 et
1020 970 1199 1055 Apollinem
1223 970 1290 1035 eius
1312 976 1436 1054 patrem
1459 970 1543 1036 inter

843 1078 949 1144 sidera
970 1099 1104 1161 anguem
1127 1082 1286 1142 tenentem
1310 1077 1517 1142 constituisse.
1552 1085 1569 1138 5

1158 1202 1206 1266 Ill,
1228 1203 1268 1256 13.

887 1289 949 1354 Hic
977 1290 1076 1356 habet
1107 1294 1139 1356 in
1171 1293 1275 1374 capide
1303 1289 1425 1356 stellam
1453 1288 1478 1364 Ι,
1509 1290 1543 1351 in

845 1405 978 1480 utroque
1013 1420 1121 1464 umero
1154 1398 1306 1481 singulae,
1343 1398 1375 1460 in
1415 1395 1543 1460 sinislra

845 1526 939 1570 manu
957 1502 1016 1582 111,
1037 1507 1070 1569 in
1089 1506 1201 1570 dextra
1219 1503 1293 1581 llll,
1316 1505 1349 1567 in
1368 1501 1483 1596 lumbis
1502 1500 1543 1576 ΙΙ,

844 1613 878 1675 in
904 1619 1039 1694 utroque
1070 1632 1153 1694 genu
1181 1610 1334 1694 singulas,
1365 1611 1398 1674 in
1430 1609 1542 1673 dextro
1554 1617 1587 1670 10
1649 1689 1651 1694 Α

844 1739 934 1783 crura
953 1715 980 1796 I,
1003 1719 1036 1781 in
1059 1717 1193 1801 utroque
1216 1718 1297 1802 pcde
1316 1715 1464 1800 singulas,
1487 1715 1543 1779 sed

843 1824 1009 1890 clariorem
1027 1824 1060 1888 in
1079 1824 1199 1889 dextro.
1223 1825 1331 1908 itaque
1351 1828 1399 1888 est
1416 1823 1543 1887 omniuo

843 1931 1006 1996 stellarum
1020 1929 1121 1996 XVII.
1137 1933 1249 2014 anguis
1262 1928 1361 1995 habet
1374 1931 1408 1994 iu
1422 1949 1542 1994 summo

844 2038 947 2122 eapite
979 2037 1024 2114 11,
1056 2036 1115 2102 sub
1147 2038 1250 2120 capite
1281 2035 1348 2099 llll
1379 2057 1442 2100 uno
1473 2035 1543 2100 loco

845 2165 965 2220 omnes;
987 2144 1028 2208 ad
1052 2165 1179 2208 manum
1201 2144 1300 2226 ipsius
1319 2141 1478 2226 Ophiuchi
1501 2140 1543 2205 si·
1554 2149 1587 2202 15

845 2251 977 2316 nistram
1009 2250 1100 2326 duas,
1134 2250 1190 2314 sed
1222 2270 1303 2332 quae
1335 2250 1470 2313 maxime
1502 2247 1543 2312 ad

845 2379 957 2441 corpus
985 2357 1052 2421 eius
1080 2358 1214 2432 accedit,
1243 2355 1421 2432 clariorem3
1450 2361 1483 2420 et
1511 2355 1541 2418 in

845 2464 938 2529 dorso
966 2465 1079 2547 anguis
1105 2463 1147 2528 ad
1175 2464 1275 2546 ipsam
1303 2462 1443 2546 corporis
1470 2483 1543 2526 cou-

845 2570 1037 2636 iunctionem
1060 2569 1089 2633 V
1117 2575 1149 2634 et
1179 2570 1212 2633 in
1243 2571 1347 2653 prima
1373 2574 1545 2633 curvatura

845 2677 964 2742 caudae
983 2675 1056 2754 IIII,
1075 2677 1107 2740 in
1126 2675 1263 2741 secunda
1282 2682 1314 2740 ct
1331 2676 1459 2740 tertiam
1477 2683 1589 2738 ver-20

845 2805 898 2849 sus
929 2782 1026 2848 habet
1053 2783 1162 2848 stellas
1183 2783 1235 2848 VI.
1268 2784 1315 2846 ida
1343 2787 1390 2846 est
1417 2781 1544 2847 omnino

845 2889 1007 2956 stellarum
1031 2889 1146 2953 XXIII.

881 3758 894 3796 r
913 3746 944 3795 ut
962 3756 1012 3794 cnr.
1032 3738 1118 3793 RPV.

883 3846 908 3885 rs
922 3828 1043 3883 omniuo:
1064 3826 1150 3882 emula
1165 3826 1231 3882 ordc
1245 3827 1279 3882 R.
1317 3834 1387 3884 stet
1403 3827 1514 3882 tertiam
1531 3843 1588 3882 ver-

847 3933 892 3972 sus
911 3914 1152 3972 Walamowitains:
1170 3922 1255 3984 caput
1272 3931 1368 3971 sersus
1387 3916 1451 3971 lelni
1489 3932 1514 3971 αι
1533 3931 1590 3970 om-

847 4006 923 4060 uino:
943 4005 1030 4060 omnis
1050 4006 1115 4060 crdo
1137 4005 1168 4059 R.
