3920 5806
1574 395 1638 460 245

53 566 195 649 egregie
223 561 457 631 confirmatur
484 563 584 630 altero
607 562 708 630 Ursae
736 565 865 632 minoris
891 567 1018 633 nomine
1040 567 1125 652 quod
1147 573 1196 634 est
1221 571 1369 658 Φοινίκη.
1401 571 1531 637 tertium
1554 573 1637 640 ciue·

53 674 130 738 dem
163 672 308 738 sideris
341 666 703 757 nomenoKovo'coopav
729 693 750 738 a
776 670 890 756 figura,
921 695 1002 758 quae
1028 675 1114 742 canis
1141 675 1274 742 caudam
1302 676 1477 746 deformare
1504 679 1638 759 videtur,

55 780 209 865 petitum
239 799 327 846 esse
351 785 436 846 recte
458 779 572 846 statuit
589 779 808 847 Buttmannus.
840 781 973 848 invaluit
995 787 1101 848 tamen
1119 783 1221 850 Ursae
1243 805 1366 863 nomen,
1388 788 1473 870 qnod
1496 788 1582 855 ndns
1605 795 1638 855 et

55 909 161 972 snpra
194 887 359 954 alteram
386 887 499 954 Ursam
530 887 667 973 positum
695 893 743 953 est
770 894 802 955 et
833 889 867 953 16
894 894 963 955 arte
989 890 1093 956 navali
1120 911 1194 957 mox
1221 890 1305 957 illius
1335 891 1438 958 locum
1465 895 1636 979 occupavit.

59 995 152 1080 quod
178 995 354 1080 Hyginus
376 993 408 1060 Il
431 995 452 1060 2
475 1017 504 1078 p.
528 995 580 1072 33,
603 995 633 1073 9,
654 996 897 1078 Parmeniscum,
919 1002 957 1062 ut
984 1019 1079 1082 supra
1102 999 1234 1077 6661661,
1256 1005 1390 1078 secutus,
1412 1000 1576 1068 Thaletem
1603 1003 1637 1067 id

59 1124 186 1170 nomen
220 1102 339 1169 sideri
365 1102 501 1187 primum
527 1101 680 1168 indidisse
702 1101 861 1182 adfirmat,
889 1105 930 1170 ad
957 1125 1082 1172 666666
1105 1106 1361 1184 astronomicum,
1390 1107 1473 1192 quod
1495 1108 1637 1175 Thaletis

61 1212 205 1278 nomine
232 1209 421 1288 ferebatur,
443 1208 642 1275 referendum
666 1231 732 1276 esse
755 1211 887 1277 videtur.
919 1233 945 1278 v.
965 1211 1049 1279 Plut.
1073 1213 1113 1279 de
1135 1213 1226 1299 Pyth.
1249 1235 1332 1279 orac.
1352 1233 1381 1300 p.
1400 1215 1465 1280 402
1484 1214 1510 1279 F
1511 1266 1518 1280 .
1546 1213 1636 1283 Cleo·

64 1323 218 1386 stratum
238 1317 382 1384 Haedos
405 1316 546 1384 Arietem
569 1315 775 1402 Sagittarium
797 1317 952 1386 invenisse
975 1322 1008 1385 et
1029 1326 1154 1386 6616666
1176 1321 1239 1386 iam
1262 1321 1387 1405 saepius
1408 1324 1529 1401 monui3
1551 1325 1636 1390 unde

64 1427 270 1493 necessario
299 1425 549 1492 concludendum
568 1429 616 1492 est
634 1423 769 1508 Capram
790 1413 855 1492 iam
872 1431 967 1492 antea
984 1432 1091 1492 notam
1114 1425 1224 1504 luisse;
1246 1427 1302 1494 sed
1325 1429 1450 1494 omnino
1473 1429 1552 1496 haec
1573 1433 1636 1497 tria

69 1535 184 1602 sidera
209 1555 281 1602 666
308 1533 474 1618 splendore
496 1553 598 1617 neque
620 1531 740 1616 figurae
759 1532 978 1616 singularitate
996 1529 1199 1617 praecellunt,
1222 1536 1269 1602 ita
1286 1541 1322 1600 ut
1345 1556 1382 1601 ec
1400 1540 1550 1620 tempore,
1573 1559 1634 1622 quo

68 1643 212 1708 nomina
244 1647 420 1726 ceperunt,
446 1639 601 1706 lucidiora
627 1640 922 1724 praestantiamque
948 1641 1053 1707 sidera
1080 1643 1185 1708 omnia
1207 1642 1270 1708 iam
1292 1647 1369 1708 nota
1391 1641 1487 1708 fuisse
1509 1663 1634 1710 necesso

72 1751 123 1816 sit
158 1771 208 1815 an
239 1749 337 1815 credi
363 1751 470 1832 potest
493 1747 634 1812 Arietem
661 1748 748 1832 prius
776 1769 869 1833 quam
896 1747 1044 1814 Perseum
1070 1756 1125 1815 aut
1148 1749 1339 1834 Cassiepiam
1365 1749 1526 1817 inventurn
1548 1753 1634 1817 esse?

73 1858 325 1924 Euctemonem
343 1856 525 1940 Aquarium,
548 1853 712 1940 Sagittam,
735 1854 889 1940 Aquilam,
912 1855 1113 1940 Delphinum,
1135 1857 1259 1941 Lyram,
1282 1854 1493 1940 Scorpionem,
1510 1857 1635 1942 Equum

75 1984 356 2032 commemorasse
376 1961 502 2028 Comini
523 1962 703 2028 testimonio
722 1957 911 2050 (Εἰσαγωγή
932 1963 987 2050 16)
1010 1969 1147 2040 constat3
1170 1964 1226 2029 sed
1248 1984 1323 2029 cave
1345 1984 1385 2028 ne
1407 1965 1634 2050 1666616666-

79 2093 141 2155 que
160 2071 205 2140 ab
229 2093 273 2138 eo
294 2091 362 2136 esse
385 2075 484 2154 putes.
513 2069 666 2136 Coronam
685 2068 881 2155 Pherecydes
899 2090 1155 2137 commemorasse
1173 2071 1298 2136 videtur
1316 2091 1447 2154 eamque
1464 2071 1505 2137 ad
1520 2071 1633 2138 Ariad-

78 2201 154 2244 nam
173 2178 357 2245 rettulisse.
380 2198 406 2242 v.
425 2175 615 2260 Pherecydis
637 2175 747 2260 fragm.
769 2175 831 2242 106
850 2176 960 2264 (schol.
979 2178 1037 2244 Od.
1055 2181 1076 2242 λ
1094 2177 1182 2265 320).
1205 2177 1330 2244 omnino
1349 2197 1388 2242 ex
1405 2179 1460 2257 eis,
1483 2201 1563 2266 quae
1585 2179 1634 2245 in·

82 2292 272 2354 strumenta
286 2285 426 2350 humana
439 2282 625 2362 deformant,
639 2283 794 2350 sideribus
803 2283 919 2369 Lyram
933 2290 965 2350 et
976 2283 1131 2351 Coronam
1144 2286 1236 2370 longe
1250 2286 1462 2352 vetustissima
1471 2307 1538 2352 esse
1548 2292 1632 2372 puto.

82 2417 165 2479 quaa
184 2417 267 2461 cum
285 2390 421 2478 primum
438 2396 569 2474 propter
586 2389 705 2476 figurae
723 2391 976 2476 singularitatem
993 2393 1280 2477 proprietatemque
1300 2392 1502 2458 denominata
1520 2398 1632 2472 essent,

69 2523 158 2566 mox
182 2502 229 2567 ad
255 2499 381 2566 fabulas
403 2498 515 2564 referri
538 2503 649 2583 coepta
671 2503 753 2564 sunt.
786 2498 870 2564 idem
893 2498 979 2565 cadit
1000 2501 1032 2564 in
1056 2503 1205 2583 eaquae
1228 2499 1377 2578 animalia
1397 2505 1633 2584 repraesentare

85 2607 286 2675 videbantur
309 2607 426 2684 sidera,
449 2605 587 2670 Taurum
610 2606 694 2684 dico,
716 2604 853 2690 Equum,
876 2604 1025 2685 Arietem,
1048 2607 1198 2684 Leonem,
1224 2607 1299 2684 alia,
1328 2607 1368 2672 de
1391 2606 1505 2692 quibus
1528 2606 1631 2674 conle-

87 2717 208 2782 rendns
233 2719 285 2780 est
307 2714 517 2780 Buttmannus
539 2712 559 2778 1.
583 2733 607 2778 6
631 2713 686 2779 sed
709 2712 786 2798 quid
809 2717 982 2779 statuemus
1005 2714 1045 2779 de
1067 2715 1126 2792 eis,
1153 2711 1267 2798 quibus
1289 2713 1391 2779 forma
1412 2713 1550 2780 humana
1570 2715 1631 2782 tri-

88 2823 168 2890 buta
190 2830 254 2900 est,
278 2821 452 2887 sideribus?
483 2820 585 2905 primo
608 2817 722 2885 obtutu
740 2820 873 2904 adparet
896 2821 973 2886 duas
995 2820 1048 2887 hic
1065 2821 1304 2905 distinguendas
1322 2841 1391 2887 esse
1410 2822 1536 2898 classem
1557 2843 1631 2888 nam

89 2936 144 2996 aut
167 2931 306 2996 heroum
329 2929 457 2994 nomina
479 2927 583 2993 sidera
610 2946 686 3010 pree
713 2948 747 2992 se
774 2926 880 2992 lerunt
902 2932 959 2993 aut
981 2927 1138 2994 hominem
1162 2950 1254 3014 quem
1276 2927 1357 2994 libet
1370 2929 1532 3013 singulari
1555 2951 1631 3013 quo-

92 3038 164 3103 dem
180 3037 300 3104 habitu
312 3035 362 3101 vel
381 3039 466 3101 statu
484 3033 608 3100 efficere
621 3033 781 3113 videntur3
800 3036 841 3100 ad
859 3034 991 3100 alteram
1010 3035 1148 3113 classem,
1167 3056 1248 3120 quae
1266 3035 1366 3102 multo
1380 3037 1481 3102 maior
1495 3040 1543 3102 est
1560 3056 1631 3120 per-

91 3146 197 3212 tinent
221 3143 442 3212 Genicularius
465 3141 549 3230 (IV),
571 3140 753 3226 Ophiuchus
776 3141 860 3228 (VI),
884 3141 1098 3226 Arctophylax
1116 3141 1234 3228 (VIIl),
1256 3142 1355 3226 Virgo
1377 3142 1461 3230 (lx),
1484 3141 1631 3227 Agitator

95 3251 213 3340 (xm),
232 3249 392 3334 Aquarius
410 3247 553 3336 (XXVI),
572 3247 780 3332 Capricornus
799 3248 958 3335 (XXVII),
977 3247 1166 3334 Sagittarius
1186 3249 1361 3337 (XXVIII),
1383 3248 1517 3316 fortasse
1535 3252 1631 3316 etiam

94 3358 220 3427 Gemini
244 3358 312 3449 (X).
344 3357 460 3442 duplex
482 3361 600 3433 autem,
623 3355 683 3422 nisi
706 3355 831 3440 egregie
853 3354 959 3434 fallor,
984 3355 1097 3422 harum
1119 3355 1290 3440 figurarum
1314 3376 1381 3422 esse
1403 3362 1508 3440 potest
1531 3357 1629 3442 origo.

96 3474 150 3534 aut
181 3468 267 3533 onim
296 3463 432 3550 primum
463 3485 528 3528 una
559 3467 682 3529 166166]
713 3462 807 3529 stella
837 3484 950 3529 nomen
976 3465 1062 3548 capit
1092 3464 1185 3530 modo
1213 3485 1251 3528 ex
1277 3485 1328 3540 6ο,
1360 3485 1453 3548 quem
1484 3464 1517 3528 in
1544 3463 1630 3532 caelo

98 3579 229 3660 occupat
250 3573 329 3650 loco,
350 3571 445 3637 modo
468 3592 507 3636 ex
529 3570 608 3636 lucis
630 3570 796 3656 splendore
819 3572 995 3654 colorequo;
1020 3577 1088 3637 tum
1110 3571 1192 3636 aliae
1215 3569 1325 3636 stellae
1349 3591 1419 3635 cum
1442 3571 1630 3637 66666166-

98 3688 226 3763 guntur,
257 3681 294 3744 ut
325 3677 427 3763 figura
457 3677 595 3744 hnmana
623 3677 829 3755 deformatum
861 3677 980 3743 factum
1006 3678 1040 3744 id
1067 3699 1135 3744 csse
1161 3677 1300 3755 videtur,
1330 3682 1368 3743 ut
1394 3697 1489 3762 supra
1514 3678 1630 3755 monui,

100 3789 129 3852 in
156 3791 269 3862 Bnote;
304 3785 405 3852 simile
432 3786 509 3870 quid
539 3785 673 3851 fortasse
704 3785 737 3850 in
766 3783 906 3851 Geminis
933 3784 1062 3862 accidit,
1093 3786 1176 3869 quod
1204 3805 1317 3849 nomen
1344 3785 1480 3868 primum
1504 3784 1630 3850 duabus

99 3896 203 3974 stellis,
226 3901 294 3960 tum
317 3892 481 3969 sideribus,
504 3891 617 3978 quibus
638 3897 773 3976 utraque
797 3911 904 3957 earum
926 3892 1029 3958 cincta
1051 3899 1107 3970 est,
1130 3891 1284 3957 tributum
1307 3912 1374 3956 esse
1396 3891 1542 3975 adparet;
1573 3897 1629 3957 aut

102 4024 159 4068 nou
181 4024 245 4069 una
265 4002 402 4086 primum
424 4000 516 4066 stella
537 4019 650 4065 nomen
673 3999 765 4084 cepit,
787 4000 842 4066 sed
865 4004 968 4065 totum
987 4000 1073 4065 sidus
1092 3997 1185 4065 simul
1208 3999 1413 4064 constitutum
1430 4017 1468 4062 ac
1490 3997 1628 4063 donomi-

100 4117 204 4176 natum
232 4115 288 4176 est.
328 4108 413 4192 quod
444 4127 514 4172 cum
539 4128 604 4171 non
630 4111 696 4173 tam
723 4127 743 4171 a
768 4107 885 4191 populo
912 4107 962 4173 vel
993 4129 1013 4172 a
1042 4107 1146 4190 poetis
1172 4127 1267 4191 quam
1292 4127 1312 4170 a
1339 4102 1569 4170 mathematicis
1595 4106 1629 4171 in

102 4217 230 4300 sphaere
256 4214 444 4283 delineanda
469 4212 538 4280 fieri
564 4220 806 4280 consentaneum
828 4214 883 4292 sit,
909 4213 988 4298 haec
1010 4214 1115 4280 sidera
1137 4218 1170 4280 et
1191 4213 1294 4278 minus
1316 4218 1392 4278 nota
1414 4218 1505 4278 eraut
1528 4232 1628 4296 neque

102 4325 202 4389 statim
225 4322 267 4388 ad
289 4321 513 4408 mythologiam
535 4320 636 4386 relata
659 4326 740 4387 sunt.
772 4328 881 4387 carent
902 4322 1000 4407 igitur
1021 4320 1234 4407 mythologice
1256 4319 1463 4406 explicatione
1481 4339 1627 4404 magnam

102 4435 216 4514 partem
243 4429 292 4497 vel
322 4428 356 4495 in
382 4429 476 4496 Arati
502 4428 737 4495 Phaenomenis.
775 4434 885 4494 contra
912 4427 1117 4495 Alexandrini
1139 4433 1260 4513 poetae,
1287 4425 1474 4512 Hermippos
1498 4427 1568 4493 dico
1595 4431 1628 4492 et

104 4538 349 4624 Hegesianactes,
380 4536 413 4601 in
448 4535 498 4601 his
529 4535 725 4620 potissimum
756 4535 913 4604 sideribus
944 4536 1048 4622 lepide
1075 4535 1323 4621 interpretandis
1349 4533 1510 4620 ingenium
1537 4555 1628 4600 suum

104 4650 309 4711 exercuerunt
341 4649 436 4727 atque
462 4642 541 4709 haec
568 4643 608 4708 de
629 4643 732 4709 altera
754 4644 852 4710 classe
874 4642 1042 4710 sufficiant.
1074 4649 1143 4710 toto
1166 4642 1252 4709 caelo
1274 4640 1315 4706 ab
1339 4661 1377 4707 ea
1399 4641 1497 4706 distat
1520 4639 1627 4706 classis

104 4753 190 4835 prior,
215 4773 295 4837 quae
317 4757 444 4836 praeter
465 4751 613 4817 Orionem
635 4749 763 4817 Pliadas
785 4749 913 4836 Hyadas
935 4757 1037 4817 totam
1059 4750 1185 4816 illerum
1207 4749 1346 4815 siderum
1368 4747 1521 4813 familiam
1543 4768 1626 4813 com·

104 4859 256 4941 plectitur,
286 4879 369 4944 quae
399 4857 440 4924 ad
472 4857 691 4925 Andromedae
721 4857 887 4925 historiam
918 4863 1069 4944 spectant
1101 4857 1228 4943 Hyades
1255 4860 1295 4922 et
1313 4854 1439 4920 Pliades
1465 4853 1506 4919 ab
1533 4852 1626 4920 initio

105 4963 199 5032 sidera
221 4973 294 5034 sunt
320 4987 422 5054 neque
444 4964 507 5032 alio
530 4965 660 5033 consilio
686 4965 721 5030 in
747 4963 872 5032 fabulas
899 4965 1090 5032 inducuntur
1113 4985 1208 5049 quam
1229 4969 1267 5029 ut
1293 4963 1399 5030 sidera
1422 4960 1625 5048 explicentur.
