3906 5800
212 453 313 506 Senon.
333 453 424 506 Grau.
444 452 476 506 G.
495 469 521 520 p.
543 451 601 517 149,
622 454 662 506 15.
1105 452 1235 506 Hreruus
1254 452 1289 516 ll,
1309 453 1351 506 21.
1538 452 1602 518 135

155 626 234 694 Sunt
262 630 323 694 Vll
351 631 472 708 stellae,
504 653 637 714 quarum
663 633 805 716 septime,
903 632 970 697 Hae
988 637 1094 697 autem
1113 651 1242 697 numero
1261 635 1380 715 septem
1398 633 1555 709 dicuntur,
1618 629 1737 684 XXIII-

116 740 147 801 at
165 737 210 800 ait
228 737 363 817 Aratus,
384 739 434 802 vix
452 740 568 804 intueri
587 745 691 823 potest
692 787 804 804 .....
858 741 915 805 sed
941 759 1032 804 nemo
1059 739 1194 822 amphus
1222 759 1277 804 sex
1303 745 1407 821 potest
1435 739 1554 812 ridere;
1616 719 1736 775 Pliade&

115 843 252 907 nonnulli
275 867 349 910 vero
369 845 518 930 Meropen
541 867 608 912 esse
631 837 806 924 autumant,
859 850 947 912 cuiue
979 868 1073 912 cansa
1103 847 1250 930 proditur
1280 845 1372 923 haec,
1404 847 1489 929 quod
1517 847 1556 912 de

115 971 189 1034 quae
218 959 317 1035 nupta
344 973 363 1016 a
390 954 526 1035 quodem
553 955 620 1019 rire
643 955 806 1018 nominata
860 961 979 1038 septem
1007 976 1061 1018 sex
1088 975 1159 1018 cum
1186 953 1416 1018 immortalibus
1444 975 1557 1018 concn-

93 1058 151 1122 5sit
174 1057 395 1142 Hippodamia.
859 1061 995 1138 buerint,
1014 1066 1078 1126 tres
1097 1082 1167 1124 cum
1186 1060 1268 1136 love,
1287 1061 1368 1126 duae
1387 1084 1458 1126 cum
1471 1061 1601 1144 Nep-t>

860 1175 951 1245 tunc,
977 1189 1042 1232 unu
1069 1189 1138 1231 cum
1162 1166 1278 1244 Marte,
1306 1167 1429 1252 reliqua
1450 1174 1557 1236 autem

860 1274 987 1359 Sisyphi
1002 1273 1097 1338 fuisse
1112 1294 1190 1337 uxor
1205 1274 1446 1340 demonstretur.
1479 1297 1556 1358 qua·

859 1405 929 1448 rum
952 1403 991 1446 er
1010 1381 1136 1446 Electra
1159 1388 1191 1444 et
1210 1381 1283 1446 lore
1301 1381 1494 1458 Dardanum,
1517 1403 1556 1446 cx

859 1489 944 1554 Maia
962 1488 1162 1563 Mercurium,
1185 1509 1224 1552 ex
1242 1488 1380 1572 Taygete
1398 1488 1555 1553 Lacedae-

858 1617 952 1662 mona
977 1601 1190 1678 procreatum,
1218 1617 1256 1658 ex
1284 1595 1420 1680 Alcyone
1447 1601 1555 1660 autem
1566 1605 1599 1658 10

858 1709 891 1768 et
913 1701 1059 1784 Neptuno
1079 1701 1205 1785 Hyriea,
1228 1723 1266 1768 er
1285 1701 1419 1768 Celaeno
1438 1701 1556 1787 Lycum

857 1815 886 1874 et
908 1810 1030 1892 Nyctea
1057 1813 1175 1872 natum.
1221 1808 1356 1874 Martem
1382 1817 1489 1874 autem
1517 1831 1555 1873 ex

858 1915 990 1998 Sterope
1018 1915 1210 1980 Oenomaum
1238 1936 1430 1999 procreasse,
1458 1937 1555 2000 qaam

858 2024 918 2089 alr'r'
948 2023 1097 2088 Oenomai
1124 2043 1253 2087 errorem
1281 2024 1440 2088 direraat.
1487 2023 1554 2088 Me-

858 2151 956 2214 ropen
973 2135 1080 2196 autem
1099 2128 1233 2213 Sisypho
1251 2136 1382 2213 nuptam
1401 2130 1554 2196 Glaucum
1565 2141 1598 2194 15

858 2239 1000 2322 genuisse
1012 2257 1102 2320 qaam
1117 2237 1290 2316 correptores
1299 2237 1555 2319 Bellerophontis

851 2349 979 2426 patrem
1006 2363 1070 2408 esse
1097 2344 1255 2408 dtrerarrt.
1302 2365 1400 2427 quere
1422 2349 1555 2428 propter

857 2451 994 2534 reliques
1019 2451 1085 2515 eius
1108 2470 1230 2516 sorores
1255 2451 1339 2516 inter
1358 2451 1462 2516 sidere
1480 2472 1554 2516 can-

857 2559 1014 2635 stitutam,
1046 2557 1102 2622 sed
1137 2557 1222 2639 quod
1255 2558 1374 2623 homini
1402 2559 1554 2642 nupserit,

858 2665 980 2731 stellam
1003 2665 1070 2730 eius
1093 2685 1160 2730 esse
1183 2663 1389 2730 obscuratam.
1563 2675 1599 2728 20

107 3140 124 3178 e.
142 3139 154 3178 5
173 3125 311 3180 nominata
330 3125 367 3178 sit
385 3125 582 3195 Hippodamia:
611 3127 750 3182 nominata
768 3127 805 3182 sit
912 3127 979 3180 XXI
1007 3127 1192 3181 Tnsrrucrrn.
1232 3126 1307 3181 Seru.
1329 3127 1425 3196 Gearp.
1445 3125 1542 3180 1138.

79 3213 210 3280 ypndamia
222 3215 255 3269 G.
271 3231 407 3268 aereorrre
416 3215 528 3286 Sisyphi
536 3232 635 3269 mamea
645 3223 805 3284 corruptam
894 3222 1031 3286 rseptem
1050 3247 1085 3254 -
1103 3233 1116 3270 r
1134 3231 1213 3270 nemo
1233 3228 1282 3269 om.
1308 3215 1337 3269 V.
1434 3233 1459 3270 12
1477 3215 1597 3286 Nyctea:

79 3301 106 3353 ab
126 3303 320 3372 interpolatore
342 3304 414 3356 male
437 3304 515 3358 docta
534 3306 575 3358 ita
594 3311 743 3358 correctam
761 3307 804 3359 sr't.
859 3305 893 3372 cs.
912 3305 969 3372 [ab.
988 3309 1048 3359 157.
1121 3322 1147 3360 eo
1166 3321 1226 3360 esse
1245 3303 1346 3358 addidi
1363 3320 1397 3358 ea
1420 3303 1449 3358 V.

79 3399 138 3446 certe
154 3409 210 3447 aaa
228 3409 262 3446 ea
279 3391 387 3461 praecia
405 3393 492 3447 verbm
504 3393 577 3458 salso
595 3393 711 3448 redditis
729 3411 806 3449 error

79 3487 151 3535 ualere
173 3488 223 3551 est,
246 3481 294 3535 sed
317 3481 408 3535 latiae
430 3482 512 3536 verta
536 3483 721 3551 corruptelam
739 3500 803 3538 corr-

78 3575 228 3639 trarreraret5
249 3571 315 3624 lara
332 3570 442 3626 nomine
461 3571 577 3641 Sisypho
597 3573 636 3626 eet
656 3573 711 3626 tale
730 3573 805 3640 qaid.

77 3658 238 3722 clermareis
259 3665 413 3714 monstrum
435 3663 466 3714 r'a
488 3661 547 3715 BP.
568 3679 640 3730 auae
662 3663 693 3715 r'rr
718 3661 743 3715 G
766 3678 805 3715 se-

77 3755 169 3802 caretur
183 3750 264 3804 cerba
278 3755 342 3802 sunt
357 3748 428 3803 enim
449 3781 481 3789 —
501 3750 684 3819 navigationis
699 3757 806 3819 tempus

77 3839 223 3904 cst-endunt,
250 3837 411 3891 Germanici
432 3855 527 3893 uersae
545 3842 695 3894 267-269
713 3840 804 3908 eapm'·

78 3932 154 3979 meat.
