3908 5802
1549 459 1592 525 35

80 635 186 716 llerglr.)
209 641 241 700 et
265 637 420 701 Hesiodus
443 637 570 722 (Hygia.
594 637 741 718 astrolog.
765 635 796 700 ll
820 637 878 722 34)
901 637 1033 702 eandem
1057 636 1247 702 narrationis
1270 638 1402 703 formam
1426 639 1593 723 protulisse

77 744 211 818 ridentur,
233 764 316 826 quae
337 746 511 828 posteriore
533 751 639 810 aetate
661 745 799 827 vulgaris
822 750 898 809 erat.

149 849 206 914 Sed
229 871 328 934 pergo
350 850 569 918 Eratosthenis
587 851 808 934 Catalogorum
833 850 900 916 sata
923 871 1082 927 enarrare;
1105 851 1162 916 hos
1185 851 1283 934 igitur
1300 851 1446 934 Nigidius
1469 875 1592 936 quoque

74 957 170 1038 legisse
192 955 330 1032 videtur,
357 979 396 1021 ex
423 979 485 1040 quo
513 963 618 1023 tamen
646 957 744 1024 solam
768 958 918 1041 Erigones
945 957 1157 1034 historiolam,
1184 964 1220 1022 ut
1245 980 1315 1023 cum
1338 959 1465 1026 scholiis
1488 961 1593 1052 Iliacis

74 1071 269 1145 usurparetur,
300 1065 384 1129 inter
411 1063 633 1148 Catalogorum
660 1065 837 1148 fragmenta
863 1065 973 1130 lectori
1000 1065 1236 1148 proponendam
1263 1087 1329 1130 osse
1357 1066 1593 1144 duxi;·'omncs,

73 1191 139 1252 qnae
164 1169 248 1252 apud
270 1170 433 1255 Nigidium
460 1172 501 1238 ad
525 1171 691 1256 catalogos
714 1171 861 1247 redeunt,
889 1171 1085 1236 narrationes
1112 1171 1356 1256 proposuissem,
1387 1173 1448 1238 nisi
1475 1173 1525 1238 ille
1552 1173 1593 1239 ab

74 1277 267 1342 Eratosthene
294 1278 326 1342 in
355 1277 486 1360 singulis
514 1299 703 1361 magnopore
731 1277 907 1343 discederet
934 1277 1120 1360 fabulasque
1147 1299 1203 1342 suo
1227 1277 1330 1342 Marte
1358 1279 1465 1345 multis
1493 1281 1593 1346 modis

73 1385 194 1449 remanet
211 1391 308 1468 atquo
326 1392 500 1450 exornaret.
532 1386 678 1450 Ovidium
697 1407 820 1468 quoquo
839 1390 935 1468 atyue
954 1385 1174 1450 Gonuauicum
1192 1389 1276 1469 ipsos
1295 1384 1462 1468 Catalogos
1480 1387 1592 1468 legisse

74 1491 252 1556 crediderim
297 1497 406 1575 postea
428 1497 534 1556 autem
557 1491 776 1557 Eratosthenis
799 1513 877 1574 opus
900 1492 932 1556 in
957 1493 1174 1575 compendium
1203 1497 1411 1568 contractum,
1437 1494 1591 1574 genuinus

73 1599 137 1661 ordo
155 1597 271 1662 hrateo
290 1603 486 1682 permutatus
505 1603 562 1664 est.
603 1605 671 1664 erat
695 1599 756 1662 iam
779 1598 982 1682 myth010gici
1005 1599 1190 1664 instratum
1213 1599 1461 1664 commentarioli
1480 1599 1592 1674 instar;

73 1703 286 1770 inscribebatur
306 1706 580 1791 Καταστερισμοί,
605 1704 822 1770 Eratosthenis
845 1711 950 1771 tamen
973 1707 1169 1788 praeclarum
1192 1725 1304 1770 nomeu
1327 1707 1466 1770 retinuit.
1507 1707 1590 1789 quod

74 1817 162 1876 amen
193 1833 234 1876 ne
265 1818 339 1876 ante
372 1812 506 1877 alterum
537 1836 566 1896 p.
596 1811 667 1878 Chr.
700 1812 856 1878 saeculum
889 1811 1006 1876 factum
1034 1833 1102 1878 osse
1129 1833 1267 1887 reamur,
1300 1809 1592 1878 Catasterismorum

74 1919 155 1983 dictio
177 1919 330 2002 impedire
352 1921 485 1985 videtur.
521 1939 593 2006 uam
616 1919 676 1984 etsi
699 1941 737 1984 ex
760 1920 804 1984 eis
827 1919 882 2002 qni
905 1921 938 1983 in
957 1918 1102 2002 Epitome
1121 1917 1286 1984 offendunt
1304 1918 1494 1985 soloecismis
1512 1919 1592 1984 mul·

74 2033 113 2088 tos
133 2024 237 2090 infima
260 2027 387 2090 demum
409 2031 514 2091 aetate
537 2026 652 2092 inlatos
675 2047 743 2091 esse
765 2048 866 2108 ucquc
889 2027 922 2090 iu
942 2025 1173 2092 Catasterismis
1196 2025 1338 2090 extitisse
1361 2026 1497 2092 libenter
1520 2049 1593 2091 cou-

75 2132 179 2208 cuam,
209 2139 316 2198 tamen
343 2138 376 2197 et
402 2132 434 2196 in
463 2133 588 2197 scholiis
616 2132 741 2198 Arateis
773 2153 854 2216 quac
883 2132 1177 2199 Catastcrismorum
1209 2153 1385 2197 sermonem
1416 2133 1592 2199 accuratius

75 2239 189 2304 reddere
207 2239 355 2304 videntur
378 2244 411 2303 ot
433 2241 465 2303 iu
488 2241 533 2304 eis
556 2261 637 2322 quae
656 2240 815 2323 Hyginum
838 2239 950 2323 legisse
973 2261 1099 2305 necesse
1121 2244 1170 2304 est
1192 2239 1308 2314 insunt,
1331 2261 1411 2322 quae
1434 2261 1473 2304 ne
1491 2242 1591 2324 primo

77 2346 184 2427 quidem
205 2368 235 2430 p.
258 2345 330 2412 Chr.
354 2347 477 2410 saeculo
501 2346 641 2411 tribuere
663 2346 772 2422 ausim,
796 2346 947 2411 sermonis
970 2346 1054 2410 vitia
1100 2345 1183 2411 unde
1206 2344 1349 2422 efficitur,
1373 2368 1412 2410 ne
1436 2345 1593 2429 Hyginum

77 2450 184 2532 quidem
205 2452 261 2516 illa
283 2458 389 2520 aetate
410 2451 620 2536 antiquiorem
640 2475 707 2518 esse
725 2475 824 2536 posse,
848 2453 1005 2518 diversum
1026 2451 1120 2536 igitur
1138 2473 1206 2518 esse
1224 2451 1422 2536 Astrologiae
1440 2456 1472 2516 et
1490 2451 1593 2516 Fabu-

77 2558 161 2622 lemm
182 2567 341 2624 auctorem
364 2583 384 2624 a
406 2559 581 2626 clarissima
603 2559 876 2644 augustaliter)
899 2583 937 2624 ac
959 2559 1210 2635 bibliothecario,
1232 2558 1265 2624 C.
1287 2558 1367 2624 lulio
1392 2559 1523 2642 Hygino.
1560 2559 1594 2625 id

77 2667 144 2747 quod
168 2666 229 2731 iam
252 2666 292 2731 aab
316 2666 388 2732 aliis
411 2672 565 2731 statutum
589 2672 644 2732 est.
690 2673 828 2732 ceterum
851 2667 888 2733 cl.
912 2667 1011 2750 Epim.
1035 2666 1075 2732 ll.
1121 2666 1264 2750 Hyginus
1286 2666 1384 2750 igitur
1407 2665 1593 2731 Catasteris·

78 2793 141 2846 mos,
170 2793 232 2837 nou
260 2773 426 2856 Catalogos
459 2773 638 2857 compilavit
665 2780 760 2856 atque
790 2773 872 2838 idem
902 2773 1043 2838 feceruut
1072 2773 1161 2838 Arati
1189 2772 1387 2848 seboliastes,
1415 2773 1593 2838 Germanioi

78 2878 223 2962 interpres,
246 2901 317 2943 eum
340 2880 410 2944 dico
433 2903 454 2944 a
476 2899 538 2963 quo
560 2879 680 2945 scholia
702 2879 895 2944 Basileensia
917 2879 1059 2964 prolecta
1085 2887 1172 2955 sunt,
1200 2879 1334 2962 denique
1359 2879 1458 2944 Rufus
1481 2879 1594 2944 Festus

79 2985 205 3050 Avienus.
257 2986 472 3051 Catasterismi
504 2986 778 3070 progredientibus
810 2987 942 3052 saeculis
970 2987 1084 3052 sensim
1112 2987 1227 3051 concisi
1260 2991 1333 3050 sunt
1361 2993 1456 3068 atque
1484 2987 1593 3051 decur-

78 3093 133 3167 tati,
154 3093 249 3157 donec
273 3095 304 3157 in
328 3093 526 3176 haudquam
550 3113 606 3158 nos
628 3100 769 3158 tenemus
793 3093 958 3176 Epitomen
982 3095 1134 3158 contracti
1158 3097 1239 3170 sunt,
1267 3114 1329 3176 qua
1351 3092 1399 3155 vel
1423 3093 1593 3157 Eudociam

80 3204 102 3260 ct
124 3199 304 3282 magistrum
326 3199 376 3263 cui
399 3198 519 3264 scholia
542 3199 824 3282 Sangermanousia
846 3199 1001 3265 debentur
1024 3199 1178 3283 ampliora
1204 3199 1317 3280 legisse
1345 3219 1440 3280 supra
1463 3199 1593 3264 ostendi.

81 3301 125 3368 lac
153 3305 246 3388 igitur
277 3305 400 3370 ratione
432 3305 726 3370 Catasterismorum
758 3307 947 3389 fragmenta,
979 3327 1060 3389 quae
1087 3327 1158 3370 mox
1187 3304 1246 3369 tibi
1272 3305 1489 3387 propositurus
1518 3326 1595 3380 sum,

79 3431 135 3472 tntu
156 3411 364 3477 Eratosthene
387 3411 564 3476 cohaerent.
