3906 5800
181 421 278 476 Senon.
298 418 390 476 Grau.
411 419 442 476 G.
464 419 568 502 μᾪὸ,
587 420 628 474 21,
1066 417 1263 482 Himeram,
1283 418 1326 473 m.
1524 417 1565 482 89

93 605 121 664 in
134 601 259 684 amalis
273 599 444 681 feruoribus
458 599 613 682 maculas,
628 599 662 663 in
678 599 773 664 dorso
825 598 858 662 in
886 598 989 682 eapite
1017 598 1047 675 Ι,
1077 598 1110 664 in
1142 597 1269 664 sinistro
1297 616 1405 662 mucro
1428 596 1458 673 l,
1490 596 1521 660 in

93 731 146 772 ser.
168 713 237 772 suut
255 708 349 772 simul
369 707 405 772 x.
826 706 967 788 utrisque
986 705 1129 770 mammis
1150 705 1304 788 singulas,
1327 703 1375 790 (in
1394 704 1522 770 sinistro

826 813 933 878 cubito
953 812 976 890 Ι,
995 812 1025 877 in
1046 812 1156 878 eadem
1178 834 1272 878 manu
1293 812 1321 900 l)
1342 813 1374 876 in
1393 811 1522 877 sinistro

826 942 908 1003 genn
927 919 950 997 l,
969 921 1001 984 in
1020 920 1153 1004 pedibus
1172 921 1314 1004 utrisque
1332 919 1472 1004 singulas
1491 923 1523 984 et

826 1025 910 1092 inira
944 1027 1106 1094 sinistrum
1143 1029 1254 1112 pedem
1295 1049 1402 1103 uriam,
1444 1033 1550 1112 quaed

828 1128 987 1219 Πρόπους
1006 1135 1191 1218 adnullatur.

320 2243 345 2296 p.
366 2225 425 2291 128,
444 2227 487 2280 23.
1151 2224 1186 2290 ll,
1206 2225 1249 2280 23.

127 2331 275 2398 Cunerum
298 2355 432 2418 namque
451 2335 522 2400 idco
546 2333 672 2400 fabulae
691 2335 772 2399 locc-
872 2333 932 2399 llic
959 2333 1076 2398 dicitur
1103 2332 1230 2398 lunonis
1261 2330 1412 2397 berreficic
1440 2334 1524 2398 inter

92 2445 147 2504 tum
164 2441 246 2506 inter
265 2447 352 2506 astra
370 2443 468 2519 aiunt,
487 2442 634 2526 qnoniam
652 2441 773 2507 Hereu-
827 2445 914 2505 astra
940 2440 1133 2518 conlocatus,
1160 2440 1244 2524 quod
1272 2461 1343 2505 cum
1372 2439 1523 2506 Hercules
1618 2431 1672 2486 XI.

62 2545 142 2610 niem
171 2548 242 2613 aliis
269 2548 474 2614 auxiliantem
503 2556 535 2613 et
561 2549 706 2632 hydriam
733 2549 773 2614 de
827 2553 937 2612 contra
964 2548 1097 2632 hydram
1123 2548 1296 2614 Lernaeam
1323 2549 1524 2625 constitisset7
1534 2558 1568 2611 15
1594 2521 1708 2663 ὟῩΨ

93 2654 165 2718 iente
190 2655 335 2720 Lernaea
366 2655 559 2720 auferentem
593 2656 707 2722 saliens
740 2656 772 2719 in
828 2677 864 2719 cx
897 2654 1013 2738 palude
1046 2655 1223 2720 exsiluisset
1255 2663 1288 2720 et
1315 2657 1428 2740 pedem
1455 2655 1523 2720 eius
1605 2627 1696 2752 ἐπ’

92 2762 157 2842 nedc
179 2763 381 2846 percusserit,
403 2763 485 2827 sicut
507 2763 553 2828 ait
571 2763 722 2848 Panyasis
741 2764 772 2826 in
827 2762 984 2828 mordicus
1002 2763 1206 2846 adripuisse
1225 2785 1287 2846 qua
1305 2785 1339 2828 re
1358 2762 1523 2828 Herculem
1592 2787 1704 2856 sanein.

31 2945 33 2970 ι
92 2867 237 2934 Heraclea.
827 2876 1005 2953 permotum
1032 2892 1103 2934 eum
1136 2869 1342 2948 interfecisse,
1374 2871 1522 2936 lunonem

827 2983 933 3041 autem
948 2977 1030 3042 inter
1044 2978 1149 3042 sidera
1167 2978 1375 3056 constituisse,
1393 2985 1429 3043 ut
1444 2984 1525 3043 esset

828 3106 898 3148 cum
913 3085 1077 3148 duodecim
1093 3086 1200 3168 signia,
1214 3108 1296 3169 quae
1304 3088 1440 3150 maxime
1448 3085 1525 3150 solis
1535 3095 1570 3147 20

827 3212 922 3256 eursu
945 3193 1152 3256 contineatur.

84 3529 132 3584 tin
145 3530 258 3601 singulis
277 3559 307 3570 -
331 3546 414 3596 snex,
430 3537 461 3585 at
480 3546 611 3584 anemae
629 3535 774 3599 cautaret,
864 3549 875 3586 1
900 3531 929 3585 in
952 3529 1064 3586 sinistro
1087 3547 1180 3586 umero
1203 3531 1214 3585 l
1240 3530 1269 3585 V.
1293 3531 1322 3585 in
1346 3531 1457 3587 sinistro
1476 3548 1569 3587 nmero

61 3621 134 3673 tmere
149 3621 326 3690 interpolata.
829 3621 944 3676 alteram
981 3619 1015 3674 R.
1049 3626 1113 3688 post
1150 3622 1162 3674 l
1201 3620 1232 3674 in
1268 3620 1355 3675 DPV
1388 3621 1505 3676 additam
1540 3622 1568 3677 in

85 3707 173 3764 uallis
187 3710 381 3766 auxiliantem:
398 3726 543 3778 merem
557 3709 692 3764 intellexit
706 3709 774 3778 Εῃᾰ-
829 3711 927 3765 ‹lextrc
955 3711 1079 3764 nmercl
1109 3709 1235 3778 (alteram
1259 3709 1311 3776 D),
1341 3728 1413 3780 qaae
1436 3712 1517 3765 emin
1539 3713 1570 3766 in

61 3797 135 3852 leuen.
153 3799 186 3864 cf.
205 3800 357 3870 Proleyom.
374 3817 404 3868 p.
423 3803 470 3854 22.
525 3818 551 3856 m
569 3801 695 3855 Lernaea
720 3799 774 3852 Wi-
830 3799 890 3853 MR
900 3805 965 3867 post
979 3798 1006 3852 in
1022 3798 1144 3868 utrisque
1160 3799 1284 3854 mammis
1299 3800 1569 3870 singulasleyuatur,

61 3881 229 3943 innutritzius:
247 3889 362 3944 nereida
384 3889 416 3942 G.
829 3889 885 3942 nisi
907 3887 982 3957 quod
1005 3889 1042 3942 M
1058 3905 1113 3958 pro
1137 3889 1233 3944 dextro
1255 3889 1335 3944 habet
1357 3889 1481 3958 sinistro;
1506 3895 1571 3958 post

830 3979 925 4032 eudem
949 3978 1028 4032 uerba
1051 3979 1082 4032 in
1106 3977 1135 4032 D
1159 3978 1276 4048 aliisque
1298 3979 1399 4049 lenitur
1421 3978 1449 4034 in
1473 3979 1570 4035 dextro

829 4084 901 4137 genu
920 4069 941 4122 1.
1036 4084 1080 4124 aa
1100 4067 1127 4123 in
1146 4067 1257 4124 sinistro
1277 4099 1309 4108 -
1329 4083 1410 4123 menn
1430 4069 1442 4122 I
1462 4067 1570 4124 addidi.
1654 4107 1659 4118 .

829 4157 954 4227 mwpiccr
967 4157 1035 4211 duee
1053 4157 1134 4211 uerte
1152 4161 1209 4212 iem
1222 4159 1252 4212 in
1266 4158 1398 4212 limorum
1412 4163 1570 4212 cumrerum

830 4246 977 4316 archetypo
1000 4247 1183 4316 intercidisse,
1206 4248 1253 4302 sed
1275 4248 1419 4302 stellarum
1437 4265 1571 4302 summam

829 4337 860 4389 in
884 4336 958 4389 calce
979 4343 1116 4390 seruatam
1138 4337 1238 4405 faiam,-
1266 4337 1338 4392 duca
1359 4337 1447 4408 iyitur
1469 4339 1570 4406 sudas,

829 4429 861 4478 ut
889 4442 1021 4479 uumerus
1049 4432 1200 4495 constaret,
1229 4426 1376 4482 addendas
1404 4443 1458 4482 ease
1480 4430 1570 4482 neseio

831 4516 893 4580 uitis
914 4515 1048 4568 iutellerit
1077 4515 1243 4584 addiditque
1269 4517 1302 4570 in
1324 4518 1461 4586 ntaryine,
1490 4515 1572 4572 cittii

829 4620 923 4658 enimc
943 4605 1077 4672 alterique
1093 4622 1168 4676 cetur
1185 4603 1313 4674 macutus
1331 4605 1424 4660 stetim
1438 4607 1572 4676 laruatus,¹

830 4710 903 4762 qaue
925 4695 956 4746 in
980 4695 1150 4764 ancyrapdia
1177 4695 1208 4749 iu
1235 4701 1339 4749 amum
1363 4701 1473 4764 recepta
1496 4702 1569 4750 mni.

829 4800 842 4838 s
861 4777 1003 4852 πρόπουςι
1020 4791 1116 4854 tropus
1135 4784 1176 4838 eei
1194 4793 1286 4854 tropos
1305 4785 1374 4839 titii.

866 4889 890 4927 rs
905 4873 1085 4928 constitisset:
1101 4874 1287 4930 contendisset
1302 4875 1335 4929 R.
1374 4893 1399 4932 re
1414 4876 1570 4932 exsiluisset

830 4967 858 5024 et
876 4961 903 5016 lt
930 4981 980 5018 eru.
1001 4965 1088 5018 ceteri.
