3906 5800
216 454 317 506 senon.
336 451 429 506 om.
449 451 480 506 e,
500 469 526 520 p.
547 451 605 516 nno,
626 453 666 506 u.
1121 453 1251 506 neonus
1269 425 1304 518 u,
1324 453 1348 506 u.
1542 453 1603 520 139

158 630 273 715 Lyram
306 631 441 713 denique
473 631 637 713 gentilium
665 631 811 716 opinione
906 631 990 716 Lyra
1013 633 1095 696 inter
1117 631 1221 696 sidere
1244 631 1406 695 conlocata
1425 637 1472 695 ost
1490 631 1558 707 hoc,
1625 628 1705 682 XXI
1707 629 1737 683 V·

115 739 196 803 inter
223 743 311 804 astra
333 738 527 804 conlocatam
551 738 660 804 dicunt
682 745 812 822 propter
864 746 900 804 ut
927 737 1152 804 Eratosthenes
1180 739 1239 814 ait,
1271 738 1311 803 de
1338 759 1444 814 causa,
1476 738 1560 821 quod
1639 718 1728 788 Lym·

10 767 12 908 i
116 845 267 911 honorem
284 843 442 921 Mercurii,
465 847 521 928 qui
543 866 612 912 eam
635 846 812 912 condidisse
865 844 956 910 initio
984 867 1004 910 a
1030 844 1187 910 Mercurio
1216 844 1300 910 faeta
1331 845 1370 910 de
1402 844 1561 909 testudine

10 929 12 948 Ἰ
116 953 155 1016 nd
174 953 412 1019 similitudinem
430 953 599 1018 testudinis
617 951 726 1017 fertur.
763 973 812 1018 re·
865 951 991 1035 Orpheo
1024 957 1072 1018 est
1098 952 1232 1028 tradita,
1264 953 1318 1036 qui
1346 950 1501 1035 Calliopes
1534 955 1562 1014 et

92 1059 278 1142 egrediente
304 1060 404 1144 igitur
425 1059 499 1124 Nilo
526 1059 568 1126 ad
595 1079 667 1125 suos
690 1067 812 1124 meatus
867 1059 983 1143 Oeayrt
1009 1057 1093 1124 filius
1120 1061 1187 1124 eius
1215 1061 1262 1124 rei
1284 1059 1417 1124 maxime
1440 1059 1562 1124 studic-
1588 1065 1605 1120 5

117 1167 201 1232 inter
224 1172 329 1232 cetera
350 1168 501 1232 animalia
523 1166 634 1232 relicte
652 1167 748 1232 etiam
765 1173 812 1232 te-
865 1188 917 1233 sus
940 1165 1008 1230 fuit.
1054 1167 1161 1250 itaque
1185 1165 1383 1231 existimatur
1405 1185 1461 1230 suo
1484 1164 1562 1228 arti-

116 1274 209 1340 studo
228 1279 285 1351 est,
308 1295 397 1358 quae,
419 1295 489 1338 eum
507 1273 686 1357 putrefacta
703 1273 813 1338 diisset
865 1271 935 1339 ficio
958 1271 1042 1338 feras
1066 1273 1161 1338 etiem
1184 1274 1225 1340 ad
1244 1295 1277 1338 se
1295 1272 1486 1338 audiendum
1504 1271 1560 1338 ad-

115 1387 149 1444 et
171 1383 258 1445 nervi
282 1382 349 1448 eius
372 1381 492 1446 extensi
515 1381 600 1446 iutra
623 1381 740 1446 corium
763 1403 811 1446 re-
865 1381 998 1447 licuisse.
1017 1429 1112 1445 ......
1136 1381 1196 1444 alii
1219 1385 1324 1445 oeten
1346 1380 1455 1444 diasat
1472 1379 1561 1442 Mer-

116 1489 312 1566 mansissent,
326 1485 666 1571 percuseaaMercurio
676 1487 813 1552 sonitum
866 1491 997 1566 curium,
1022 1509 1092 1552 cuni
1106 1489 1248 1568 paruam
1266 1487 1370 1568 lyram
1388 1485 1509 1565 fecisset
1526 1485 1562 1549 in

79 1605 107 1656 10
116 1595 212 1660 dedit.
258 1596 290 1658 in
320 1595 408 1660 ouius
431 1593 669 1660 similitudinem
691 1593 813 1658 Merou—
871 1595 997 1678 Cyllene
1015 1599 1117 1659 monte
1134 1595 1304 1672 Arcadiae,
1329 1599 1449 1676 septem
1471 1592 1562 1683 chor:
1573 1602 1606 1656 10

10 1741 11 1764 i
116 1701 182 1766 rius
206 1701 307 1786 lyram
330 1702 405 1766 feeit
428 1707 460 1766 ot
479 1701 605 1785 Orpheo
624 1701 758 1766 tradidit
776 1720 813 1765 eo
867 1703 923 1768 das
942 1701 1114 1768 instituisse
1138 1722 1176 1766 ex
1200 1700 1401 1766 Atlantidum
1422 1720 1562 1776 numero,

118 1809 198 1892 quod
223 1815 306 1874 esset
328 1809 420 1874 unius
444 1829 481 1874 ex
499 1807 597 1874 Musis
619 1807 652 1872 id
676 1813 724 1873 est
742 1805 813 1872 cal·
867 1809 952 1892 qnod
978 1809 1075 1872 Mein
1107 1829 1175 1872 nnn
1203 1829 1240 1872 ae
1271 1807 1406 1874 illarum
1433 1827 1562 1872 nouare

118 1913 216 1999 liopes
249 1913 341 1982 filius.
396 1915 472 1982 lecit
502 1921 609 1980 autem
640 1915 670 1980 ei
701 1915 813 1979 cordas
866 1920 951 1994 meet,
976 1935 1059 1996 quoe
1082 1915 1240 1982 Mercurii
1262 1920 1308 1978 est
1329 1918 1438 1979 meter.

118 2043 227 2088 novem
242 2023 504 2088 iuxtanumerum
514 2021 682 2088 Musarum.
705 2028 814 2086 tautae

83 2140 111 2192 15
119 2151 250 2214 namquo
265 2130 380 2196 dicitur
393 2129 568 2196 dulcedinis
581 2129 615 2192 in
623 2129 813 2212 modulando

11 2231 12 2256 ¹
120 2235 227 2314 fuisse,
254 2241 290 2301 ut
318 2238 446 2303 arbores
474 2257 551 2302 saxa
578 2235 694 2302 bestias
718 2240 813 2318 atque

122 2343 233 2410 inferos
256 2345 457 2410 commovisse
480 2347 571 2427 putet
610 2391 617 2406 .

900 2857 1031 2928 Hyyinne
1045 2859 1075 2910 in
1088 2858 1138 2911 hoc
1152 2857 1240 2912 sidere
1254 2855 1419 2924 explicando
1430 2855 1487 2910 elin
1494 2861 1607 2924 praeter

865 2945 1057 3000 &montenis
1077 2945 1283 3002 Catnetcrtamos
1302 2945 1370 2998 libro
1388 2944 1491 3012 utitur,
1515 2945 1557 2999 ita
1575 2951 1607 2999 ut

865 3036 1011 3101 utriusque
1029 3035 1207 3089 narrationes
1220 3034 1300 3087 modo
1314 3035 1425 3090 misceat
1440 3034 1520 3088 niodo
1534 3035 1607 3088 liner

865 3139 892 3176 sc
912 3129 1057 3191 comparet.
1082 3128 1085 3134 '

901 3231 912 3266 1
932 3211 1023 3267 sidera
1042 3211 1140 3266 neu:
1158 3219 1233 3266 astra
1254 3212 1283 3266 V.
1321 3212 1464 3266 conlocata
1483 3211 1523 3264 R:
1542 3227 1605 3266 cou-

866 3301 962 3356 stituta
972 3300 1064 3354 DGV.
1100 3317 1113 3358 s
1124 3297 1224 3370 Oeagri
1234 3301 1268 3368 cf.
1283 3301 1339 3366 set.
1350 3305 1392 3354 14.
1422 3299 1604 3356 radlicuisae:

866 3390 1032 3460 adplicuisse
1048 3390 1076 3443 V.
1115 3409 1140 3446 ιο
1150 3397 1254 3459 septem
1270 3391 1386 3444 chordas
1396 3419 1430 3428 —
1445 3406 1469 3444 ιι
1480 3405 1604 3442 numero:

865 3479 932 3532 hacc
946 3479 1035 3546 nabe,
1056 3496 1128 3546 qnae
1142 3495 1176 3534 ex
1192 3478 1393 3532 Carmentem-is
1407 3493 1536 3544 exynesse
1551 3493 1605 3530 esse

866 3569 958 3631 elucet,
977 3568 1108 3638 Hyyinne
1126 3569 1207 3622 indie
1225 3567 1363 3632 annitentis
1379 3565 1502 3633 subulae,
1522 3582 1606 3632 qnam

866 3658 1093 3728 mythoyreplium
1112 3657 1202 3710 nmcio
1221 3659 1427 3724 crimenentur
1446 3653 1479 3708 de
1497 3653 1606 3722 circulo

867 3747 1004 3801 Mercurii
1022 3747 1121 3813 adfert,
1141 3745 1265 3800 emend.
