3920 5806
313 420 374 484 188
489 419 642 488 ¹Fauronrs.
893 421 992 473 Sonos.
1003 420 1091 472 Aser.
1103 435 1127 472 v.
1138 417 1190 472 449
1200 433 1225 485 p.
1237 417 1279 480 90,
1290 417 1314 470 4.
1369 417 1469 470 Sonos.
1489 413 1582 468 Gaura
1601 413 1653 466 BP.
1677 429 1702 480 p.
1726 411 1791 472 100,
1813 409 1854 463 12.

194 595 272 698 {H
402 601 506 663 Τοῦτο
525 589 565 664 τό
581 591 705 684 άστρον
719 595 839 664 κοινόν
985 595 1075 674 Τινές
1124 614 1205 679 φασι
1255 586 1316 661 τὸν
1414 593 1484 658 Hoo
1502 591 1625 676 siguum
1640 609 1812 656 commune

176 687 277 788 ἔθθαξ
354 697 493 772 ἐστιν’
473 696 540 770 απὸ
568 700 721 790 πράξεως
747 728 838 827 γεγρ-
880 741 882 744 ·
936 701 1067 791 κόρακα
1103 700 1317 789 [θεράποντα
1370 706 1430 777 est,
1471 700 1555 785 quod
1596 705 1644 762 ssi
1630 695 1813 762 tiuotum

169 776 276 918 Κγδῗῗῗ
353 804 411 890 νὸς
444 811 610 898 ἐναργοῦς.
647 804 746 899 τιμὴν
776 805 838 899 γὰρ
938 806 1147 889 Ἀπόλλωνος
1219 803 1316 896 ὄντα]
1371 827 1509 890 onsrges.
1543 805 1680 870 honorat
1666 811 1717 870 bus
1759 806 1813 866 est

198 883 232 934 pa
258 882 293 932 ²⁹
356 912 471 1004 ἔχει
457 943 475 984 ο
517 916 624 1005 κόραξ
662 912 754 1005 παρά
789 929 839 1006 τῷ
937 914 995 988 ὑπ’
1045 913 1150 986 αὐτοῦ
1194 928 1318 986 τοῦτον
1370 920 1476 980 autem
1503 933 1614 978 oorvus
1641 909 1681 976 sb
1706 909 1812 992 Apol-

327 1019 551 1093 ὁΆπόλλοινι
598 1021 728 1111 ἑκάστῳ
777 1018 839 1113 γὰρ
911 1035 1135 1115 ὀπεμφθῆναι
1159 1028 1318 1094 σπονδῶν
1371 1021 1434 1086 lius
1449 1018 1498 1058 **
1533 1016 1687 1084 sacrificio
1719 1016 1859 1082 sociob

354 1140 424 1199 τῶν
462 1139 555 1198 θεῶν
593 1127 714 1220 όρνιόν
749 1133 840 1200 ἐστιν
936 1132 1034 1221 χάριν
1063 1131 1099 1199 ἐκ
1122 1129 1214 1212 τινός
1237 1151 1318 1220 φησι
1371 1130 1440 1194 dois
1486 1127 1628 1210 spondes
1677 1123 1813 1190 adferre

355 1233 584 1324 ἀνακείμενον.
638 1242 759 1318 θυσίας
805 1241 840 1307 δὲ
938 1248 1090 1328 καθαρᾶς
1127 1237 1249 1328 κρήνης
1282 1239 1318 1306 ἐν
1371 1237 1412 1302 de
1438 1235 1509 1300 lucu
1537 1233 1690 1316 quodam,
1722 1231 1814 1315 quod

353 1347 530 1435 γινομένης
546 1361 617 1425 τοῖς
631 1353 725 1426 θεοῖς
739 1366 840 1416 σπον-
938 1357 1077 1436 κρατῆρι
1135 1355 1318 1433 κομιοῦντα
1373 1343 1435 1408 fuit
1466 1347 1604 1416 castum,
1635 1343 1815 1422 antequam

355 1446 416 1541 δὴν
434 1455 602 1539 πεμφθεὶς
622 1453 752 1540 ἐνέγκαι
772 1448 840 1520 άπὸ
938 1449 1038 1542 ὕδωρ.
1064 1452 1181 1521 ἰδόντα
1205 1455 1240 1521 δὲ
1264 1473 1319 1521 συ·
1374 1452 1480 1517 vinum
1498 1447 1728 1514 ostenderetur.
1754 1443 1814 1528 qui

312 1572 346 1626 10
355 1558 479 1649 κρήνης
510 1553 602 1640 τινὸς
635 1554 718 1627 ἰδών
749 1554 841 1649 παρά
897 1577 929 1630 10
939 1572 1002 1652 κῆν
1036 1556 1197 1641 ὀλόνθους
1227 1559 1318 1647 ἔχου-
1373 1581 1443 1624 oum
1465 1559 1596 1625 vidisset
1618 1554 1660 1618 sd
1687 1551 1814 1618 fontem
1827 1561 1860 1614 10

354 1661 417 1756 τὴν
427 1663 554 1754 κρήνην
565 1677 670 1756 συκῆν
680 1662 842 1747 όλὶνθους
940 1690 1002 1739 σαν
1039 1663 1228 1756 ἀναμεῖναι,
1265 1669 1319 1755 μέ-
1372 1666 1449 1734 fisus
1485 1683 1611 1751 grossos
1642 1657 1815 1734 hebentes,

356 1771 841 1861 ἔχονοανέμεινενῗωςπεπαν-
937 1802 1008 1864 χρις
1036 1770 1079 1844 da
1100 1783 1318 1844 πεπανθῶοι·
1372 1775 1480 1842 volans
1512 1780 1655 1846 consedit
1685 1782 1719 1846 iu
1755 1767 1815 1843 ⁰18,
1842 1791 1845 1798 “

355 1875 842 1970 θῶσι,μεθ’ἱκανάςόὲὴμέρας
940 1881 1093 1971 φαγόντα
1144 1883 1179 1950 δὲ
1229 1875 1320 1950 οὕτω
1374 1883 1473 1949 dones
1508 1891 1652 1952 msturso
1685 1885 1815 1952 fierent

355 1988 606 2056 πεπανθέντων
628 1987 762 2059 τούτων
785 1994 843 2058 καὶ
940 1994 997 2058 καὶ
1006 1983 1046 2057 τὸ
1057 1984 1230 2078 ἁμάρτημα
1244 2009 1320 2058 συν-
1373 1994 1649 2075 postpsuoosdiss
1661 1998 1816 2078 peractos

312 2088 475 2182 Itouraia
492 2103 563 2162 τῶν
583 2107 707 2179 συκῶν,
726 2095 842 2165 αέοθό-
896 2111 930 2164 15
940 2094 1124 2186 νοήσαντα,
1151 2090 1319 2184 ἁρπάσαν·
1374 2105 1478 2164 coctas
1496 2099 1550 2166 ills
1568 2098 1645 2166 ficus
1663 2101 1815 2167 comedit
1826 2107 1858 2162 15

354 2229 454 2290 μενος
476 2196 516 2269 τὸ
540 2196 728 2293 ἁμάρτημα,
751 2205 842 2292 ἐξαρ-
940 2230 982 2272 τα
1005 2197 1067 2272 τόν
1084 2197 1189 2291 ὕδραν
1208 2204 1244 2270 ἐκ
1262 2215 1321 2293 τῆς
1374 2207 1815 2292 cumsenossetsepeocasse,

355 2307 464 2389 πάσας
481 2313 539 2377 καὶ
556 2303 618 2377 τὸν
632 2310 669 2377 ἐν
683 2319 723 2396 τῇ
737 2309 843 2399 κρήνῃ
939 2321 1045 2400 πηγῆς
1068 2303 1153 2398 ὁμοῦ
1175 2321 1224 2398 τῷ
1243 2337 1320 2399 κρα-
1375 2313 1471 2396 eripit
1497 2335 1536 2379 ex
1567 2337 1604 2380 eo
1636 2317 1724 2382 fonte
1753 2337 1814 2380 su-

356 2411 460 2503 ὕδρον
484 2414 581 2503 ἔφερε
606 2411 669 2484 σὺν
692 2427 741 2505 τῷ
764 2443 843 2506 κρα-
940 2428 1014 2507 τῆρι
1043 2420 1158 2507 φέρειν
1186 2421 1243 2485 καὶ
1270 2419 1320 2485 id·
1374 2440 1475 2502 gusm.
1506 2423 1616 2488 attuit
1642 2445 1713 2489 cum
1740 2423 1814 2506 ipso

356 2533 445 2613 τῆρι,
477 2522 620 2610 φάσκων
653 2517 757 2592 αὐτὸν
790 2525 843 2591 ἐκ·
939 2550 1011 2613 γειν
1043 2519 1089 2604 ὡς
1120 2522 1321 2592 διεκωλύετο
1375 2533 1496 2594 oratore
1523 2531 1630 2596 diosus
1662 2528 1814 2606 ebibisse,

312 2634 468 2698 toatvsw
509 2625 593 2699 καθ’
637 2625 763 2720 ἡμέραν
803 2625 843 2699 τὸ
897 2645 932 2698 20
942 2627 1168 2719 ὑδρεύσασθαι
1189 2625 1246 2698 ὑπ’
1265 2625 1320 2698 ad·
1376 2635 1460 2719 quod
1487 2634 1594 2702 fluoris
1624 2637 1656 2701 in
1689 2635 1858 2702 fontem20

356 2737 556 2826 γιγνόμενον
594 2738 631 2804 ἐν
666 2747 707 2824 τῇ
739 2734 844 2828 κρήνῃ
941 2747 1017 2807 τοῦ·
1055 2733 1248 2807 dadsisas
1286 2740 1322 2806 δὲ
1374 2762 1484 2824 aquae.
1503 2765 1538 2810 ro
1553 2745 1680 2828 cognita
1693 2742 1813 2827 Apollo

357 2839 458 2932 didas.
483 2839 501 2910 6
527 2847 563 2912 db
586 2839 756 2912 Ἀπόλλων
776 2845 844 2911 ἐπι-
941 2843 1067 2933 γνόντα
1089 2839 1234 2934 τάληθὲς
1260 2838 1322 2912 τόν
1375 2869 1466 2914 corvo
1481 2849 1564 2916 inter
1578 2851 1813 2933 hominespoo-

356 2945 458 3040 γνοὺς
474 2945 517 3018 τά
534 2949 698 3039 γενόμενα
715 2961 766 3039 τῷ
783 2954 845 3038 μὲν
941 2955 1002 3040 μὲν
1071 2953 1131 3044 [εἰς
1201 2949 1322 3039 ὄρνεον
1375 2977 1448 3021 nam
1484 2957 1524 3022 sd
1557 2978 1691 3041 paucum
1726 2963 1812 3022 tem-

359 3057 480 3147 κόρακι
498 3059 536 3126 ἐν
557 3074 628 3139 τοῖς
647 3053 845 3190 άνθροόποις
943 3053 1047 3127 αὐτόν
1104 3069 1320 3147 μεταμορφῶ-
1374 3085 1434 3147 pus
1452 3064 1542 3129 dedit
1564 3063 1658 3142 sitim,
1681 3070 1718 3129 ut
1735 3064 1813 3129 Ari-

313 3181 348 3236 st
358 3169 524 3254 ἐπιτίμιον
565 3164 689 3254 ἔθηκεν
726 3159 845 3233 ἱκανὸν
898 3179 932 3234 25
944 3188 998 3235 σαι
1021 3167 1089 3256 καὶ]
1115 3174 1253 3254 ποιῆσαι
1276 3168 1321 3232 δι·
1376 3176 1440 3234 stoi
1441 3171 1503 3236 eles
1521 3172 1599 3237 dicit
1618 3172 1649 3235 in
1665 3193 1701 3236 eo
1716 3171 1811 3248 libro,
1821 3177 1854 3232 25

1376 3278 1429 3361 qui
1458 3278 1497 3343 ds
1523 3278 1633 3344 bestiis
1664 3277 1812 3343 inscribi-

358 3380 515 3468 καθαπερ
524 3375 791 3470 Αριστοτέλης
761 3405 844 3469 ειρη-
941 3390 1000 3470 τῆς
1036 3375 1188 3468 ὀπώρας,
1224 3405 1321 3467 κατη-
1376 3391 1437 3462 tur,
1455 3391 1492 3450 ut
1509 3386 1577 3470 ipse
1594 3384 1715 3470 pcccati
1733 3407 1811 3469 poo-

445 3721 508 3775 XLI
526 3721 712 3776 Tssrruosrs.
799 3755 801 3762 .
935 3720 1091 3776 Scholiasta
1110 3737 1221 3775 τοταααι
1240 3720 1322 3789 μναι-
1410 3740 1423 3779 s
1451 3737 1567 3792 saurgos
1593 3727 1649 3794 βει
1687 3721 1760 3778 ereis
1793 3719 1850 3776 BP.

318 3810 395 3866 Ouid.
413 3811 478 3877 sart.
498 3809 538 3862 11
553 3813 710 3864 243-266.
899 3812 971 3880 cipio
989 3811 1123 3865 bominem
1140 3797 1229 3877 faisse
1241 3815 1323 3864 ratas
1375 3827 1388 3868 t
1412 3811 1531 3866 laciniae
1552 3812 1663 3881 αι’ρκααι
1681 3811 1781 3880 μαινίς
1807 3823 1850 3863 απ·-

350 3919 363 3956 s
385 3907 444 3964 τοῖς
468 3901 559 3963 θεοϊς;
587 3903 627 3972 τῷ
651 3903 711 3972 θεῷ
736 3899 843 3954 Soban-
898 3917 940 3970 ca,
960 3917 1032 3969 qnae
1049 3901 1130 3954 micis
1143 3899 1253 3969 iactast,
1271 3915 1323 3953 sno
1377 3899 1504 3954 ciderunt
1522 3899 1611 3955 iussus
1629 3906 1722 3955 sutem
1741 3900 1783 3954 oet
1799 3896 1851 3952 tale

315 3990 437 4059 bachius,
457 3995 540 4057 atone
554 3989 595 4042 ita
609 3987 702 4057 lenisse
715 3988 845 4042 videatur
900 3992 992 4044 Marte
1012 3990 1130 4044 addidit.
1377 3990 1452 4058 qnid.
1472 3988 1559 4046 odeis
1573 3990 1694 4059 spondes
1709 3991 1741 4060 βε
1760 3987 1794 4042 de
1809 3985 1850 4040 bis

318 4079 434 4136 Ouidius
452 4084 478 4132 et
495 4079 640 4149 Ηρρίαιιτς
658 4076 705 4132 scd
724 4077 846 4130 traditae
934 4097 947 4136 a
983 4095 1052 4148 φησι
1091 4079 1154 4132 MV
1190 4077 1323 4131 nimirum
1375 4078 1569 4148 respondenda
1586 4079 1647 4133 BP.
1689 4095 1715 4134 1o
1730 4082 1794 4145 post
1812 4073 1849 4128 vi·

315 4169 426 4224 lectiani
439 4169 656 4237 patrocinantur
670 4165 749 4220 schot.
766 4167 844 4219 Arat.
898 4167 1096 4222 Eratosthenes
1112 4169 1144 4222 in
1160 4165 1321 4220 Gatasteris·
1376 4167 1475 4223 disset:
1496 4173 1524 4222 et
1542 4167 1602 4221 BP.
1623 4167 1673 4221 del.
1695 4165 1849 4220 Merbetins.

315 4265 341 4313 et
361 4257 450 4312 Gerra
489 4274 514 4312 ιι
533 4257 582 4310 καὶ
597 4255 684 4309 delere
697 4256 843 4325 cattHcy·
898 4259 957 4328 mss,
973 4273 1042 4326 qnos
1056 4255 1190 4312 exscribit.
1224 4271 1322 4311 rsovr-
1376 4274 1401 4312 11
1422 4261 1487 4325 post
1510 4272 1630 4325 grossos:
1658 4255 1770 4311 srbores
1792 4252 1848 4307 BP.

315 4348 388 4401 ains.
425 4362 452 4403 rs
471 4343 612 4413 ἐπιτίμιον
624 4345 767 4415 Heynins:
786 4341 844 4400 ἐπι·
898 4341 1041 4416 νοήσαντα
1082 4345 1321 4401 Wdamowitrias:
1377 4346 1427 4400 dei.
1446 4344 1641 4416 Krcsslinqias.
1682 4361 1708 4399 rs
1726 4349 1849 4414 peractos

315 4439 405 4503 τιμῶν
423 4435 494 4490 iibri
898 4430 1083 4506 συνθὴσαντα
1102 4435 1170 4491 MV.
1377 4441 1468 4490 coctss
1493 4435 1607 4503 scripsi:
1633 4439 1760 4504 peractos
1787 4444 1847 4498 agro

1374 4530 1402 4578 st
1411 4523 1471 4578 BP.
1482 4519 1608 4593 peracto?
1627 4521 1762 4578 sserificio
1777 4528 1805 4576 ot
1821 4517 1847 4573 S.

316 4620 430 4684 perscto
449 4630 526 4670 sscro
546 4613 703 4670 Merkeiins.
750 4631 783 4671 rr.
795 4632 820 4671 rs
838 4631 955 4685 unguem
974 4615 1137 4671 Mnbetias:
1155 4630 1254 4684 squam
1274 4613 1334 4668 BP.
1379 4630 1406 4670 ss
1425 4613 1544 4669 ebibisse
1561 4617 1617 4684 βεε
1637 4610 1774 4668 excidisse
1791 4606 1845 4664 BP.

316 4707 412 4774 daque
430 4705 522 4774 ῑιςέαοι
539 4703 650 4760 videtur
669 4700 787 4772 ἐκπιεῖν,
807 4704 882 4772 qaod
901 4721 966 4759 caue
984 4721 1018 4758 ne
1036 4706 1174 4759 restituas.
1212 4721 1238 4760 so
1252 4703 1345 4758 fluerit
1362 4703 1474 4772 scripsi:
1492 4701 1577 4757 iuerit
1594 4700 1655 4756 BP.
1674 4718 1698 4756 τι
1714 4715 1802 4770 squse
1819 4700 1847 4768 ti:

317 4809 388 4864 squs
406 4793 466 4848 BP.
504 4795 575 4864 quod
594 4793 678 4848 iuerit
696 4794 725 4848 in
743 4794 820 4850 fonte
838 4809 927 4863 squas
945 4797 972 4864 β,
991 4809 1062 4862 quse
1081 4792 1165 4849 iuerit
1183 4793 1212 4848 in
1231 4792 1334 4848 iontem
1353 4807 1453 4862 squam
1473 4809 1496 4846 ε.
1595 4809 1620 4846 ss
1639 4790 1712 4845 iuter
1730 4787 1846 4844 homines

317 4883 349 4938 P.
368 4882 442 4939 inter
460 4883 614 4938 bominibus
631 4884 667 4937 Β.
722 4901 756 4940 νο.
770 4900 795 4940 ss
814 4882 974 4938 inscribitur
992 4883 1103 4951 scripsi:
1121 4882 1251 4938 scribitur
1269 4882 1330 4936 BP.
1345 4888 1410 4952 post
1428 4879 1587 4936 inscribitur
1606 4879 1640 4933 ab
1658 4879 1846 4946 interpolatore

316 4974 384 5027 baec
402 4971 503 5028 addita
525 4979 605 5028 ssnrt:
627 4973 693 5028 item
712 4973 833 5029 Isidorus
851 4971 881 5026 iu
899 4971 1071 5028 naturalibus
1094 4971 1123 5027 id
1142 4977 1185 5026 est
1202 4971 1325 5046 physicis
1344 4970 1491 5031 memoriae
1510 4969 1632 5027 tradidit.
1672 4969 1706 5034 cf.
1725 4967 1844 5035 Proteos-

317 5079 398 5120 meoa
413 5080 443 5133 ρ.
462 5067 527 5120 153.
601 5080 626 5122 ss
645 5062 756 5138 peccat
774 5061 973 5131 Kresslinyias:
992 5061 1113 5134 percutis
1131 5060 1192 5124 BP.
