3920 5806
344 347 444 438 Sonon.
466 382 559 438 Gran
578 383 610 438 G.
1146 388 1277 467 Eremos
1295 389 1330 455 ΙΙ,
1349 391 1391 444 43.
1577 393 1638 458 199

945 570 1112 633 Praeterea
1148 569 1325 636 ostenditur
1356 569 1490 634 circulus
1523 571 1593 654 qui·
1670 571 1776 625 XLIV

900 659 972 722 dem
991 657 1023 720 in
1043 657 1198 722 sideribus
1216 659 1351 728 candido
1370 659 1482 736 colore,
1503 681 1594 744 quem
1655 659 1782 716 Circulos

895 748 1034 812 lacteum
1057 767 1125 811 esee
1148 747 1289 812 nonnulli
1313 748 1468 812 dixerunt
1665 749 1775 804 lacteus.

944 836 997 900 alii
1021 836 1168 900 dixerunt
1191 835 1360 900 dormienti
1383 837 1495 901 lunoni
1516 837 1596 902 Her-

900 925 998 990 culem
1026 926 1234 1008 suppositum,
1262 932 1294 989 et
1321 933 1534 1008 experrectam
1561 927 1597 992 id
1623 937 1640 990 5

899 1015 985 1097 quod
1007 1033 1108 1094 supra
1131 1014 1270 1080 diximus
1292 1014 1410 1080 secisse.

943 1904 1005 1968 Ani
1019 1909 1125 1970 autem
1139 1905 1305 1971 Herculem
1320 1909 1451 1988 propter
1465 1907 1594 1970 nimiam

897 1995 1081 2059 aviditatem
1091 1995 1326 2060 multitudinem
1335 1994 1425 2060 laetis
1436 1995 1594 2078 adpetisse

897 2103 1000 2165 neque
1021 2086 1055 2148 in
1078 2105 1132 2149 ore
1155 2084 1315 2149 continere
1338 2083 1487 2167 potuisse,
1510 2086 1594 2166 quod

898 2195 937 2237 ex
959 2193 1014 2237 ore
1041 2174 1108 2239 eius
1135 2172 1297 2256 profusum
1321 2171 1471 2239 circulum
1494 2174 1593 2257 signi-

896 2259 1014 2328 ficasse.
1603 2271 1639 2324 20

941 2797 1168 2861 Eratosthenes
1204 2797 1286 2860 enim
1323 2796 1401 2861 dicit
1437 2795 1594 2860 Mercurio

897 2885 1012 2949 infanti
1035 2906 1132 2968 puero
1151 2884 1282 2949 insciam
1301 2885 1451 2949 Iunonem
1471 2883 1594 2948 dedisse

896 2973 992 3048 leete3
1010 2975 1066 3038 sed
1084 2973 1252 3058 postquam
1270 2973 1413 3046 rescierit
1432 2994 1502 3037 eum
1523 2972 1593 3036 Me-

896 3063 946 3128 iee
973 3061 1073 3126 filium
1100 3084 1181 3140 esse,
1209 3063 1353 3139 reiecisse
1381 3084 1453 3128 eum
1480 3061 1521 3128 ab
1544 3083 1593 3139 se3

895 3152 942 3216 ita
964 3151 1056 3216 lactis
1079 3151 1200 3234 prolusi
1223 3153 1421 3236 splendorem
1444 3154 1527 3216 inter
1549 3153 1638 3215 si-30

896 3241 973 3306 dere
995 3242 1157 3324 adparere.

940 3329 1005 3394 Alii
1032 3331 1154 3406 dicunt,
1186 3351 1247 3413 quo
1279 3336 1419 3413 tempore
1439 3329 1510 3412 ,Ops
1534 3327 1592 3392 Sa·

896 3427 990 3484 turno
1004 3419 1139 3502 lapidem
1154 3440 1212 3502 pro
1225 3426 1320 3502 partu
1334 3417 1451 3494 attulit,
1466 3418 1593 3484 iussisse

897 3509 926 3574 ei
949 3508 1029 3574 lacte
1053 3508 1219 3592 praebere3
1241 3528 1409 3591 quaecum
1428 3509 1593 3589 pressisset

895 3618 1075 3674 mammam,
1103 3597 1231 3680 profuso
1258 3597 1341 3661 laete
1364 3596 1514 3661 circulum
1538 3597 1592 3660 de·
1602 3605 1636 3659 35

896 3685 1075 3764 formatum,
1089 3707 1181 3771 quem
1196 3707 1292 3770 supra
1301 3685 1591 3751 demonstravimus.

901 4561 969 4616 Vide
987 4561 1184 4629 Prolepomena
1198 4577 1228 4627 p.
1250 4562 1274 4612 6.
1299 4567 1416 4615 camum
1438 4576 1534 4614 moneo
1557 4560 1637 4629 opud

895 4633 1041 4704 Hyyiaum
1059 4633 1126 4686 haec
1142 4631 1183 4684 ita
1197 4647 1252 4686 sese
1267 4633 1403 4700 excepere:
1421 4636 1498 4686 1-3.
1518 4635 1634 4686 26-31.

896 4705 975 4756 4-6.
990 4705 1026 4756 16
1034 4705 1108 4756 -20,
1126 4705 1243 4755 32-36.
1259 4717 1306 4772 eqo
1316 4719 1377 4755 eum
1387 4703 1510 4756 ordinem
1519 4704 1635 4773 restitui,

896 4791 975 4843 quem
993 4775 1025 4827 iu
1044 4773 1245 4827 Gutaetmismrs
1262 4773 1349 4838 famae
1366 4775 1497 4842 suspicor.

931 4859 957 4900 re
984 4845 1053 4899 dicit
1081 4843 1231 4898 Mercurio:
1259 4844 1287 4898 in
1311 4845 1449 4900 Mercurio
1474 4843 1543 4902 dicit
1566 4844 1634 4899 MR.

896 4933 921 4972 se
940 4923 965 4970 st
983 4934 1009 4973 si
1027 4917 1101 4971 lecte
1120 4915 1197 4970 DM:
1215 4916 1259 4970 lac
1279 4914 1313 4971 R.

710 5115 1028 5132 “mu—*qn-
