3940 5790
349 412 411 476 170
595 413 733 466 Emori.

391 589 486 654 δοκεῖ
514 582 556 655 τὰ
584 592 698 677 θηρία·
729 585 917 677 ἀναχθῆναι
945 591 981 657 δὲ
1044 592 1182 645 ominans.

391 687 495 762 αὐτὸν
527 696 573 774 είς
604 689 646 761 τὰ
674 690 779 783 ἄστρα
806 689 892 762 κατὰ
918 690 980 784 τὴν

390 811 452 869 τοῦ
469 797 623 889 Ὠρίωνος
637 797 823 890 ἀναγωγήν,
833 805 890 869 καί
903 801 980 870 τού-

390 934 452 977 του
484 907 624 989 εἰκότως
650 907 828 996 γεγονότος
859 904 913 977 διὰ
939 903 980 977 τὸ

363 1018 492 1106 ὁμηδίν
515 1011 711 1084 ἀπολείπειν
728 1027 801 1084 τῶν
819 1023 979 1107 συμβεβη-

390 1120 504 1192 κότων
527 1118 664 1211 Ὠρίωνι.

349 1568 381 1618 10
430 1550 512 1640 Ἔχει
541 1557 577 1623 δὲ
600 1550 740 1644 ἀστέρας
763 1557 818 1622 ἐπὶ
840 1559 901 1642 μὲν
924 1568 981 1644 τῆς

391 1669 537 1750 κεφαλῆς
569 1660 630 1749 (α’,
661 1655 698 1742 ὃς
719 1658 796 1743 Ἵσις
827 1665 980 1750 λέγουσα)

392 1770 445 1835 ἐπὶ
465 1779 522 1857 τῆς
538 1767 689 1858 γλώσσης
707 1767 752 1852 α’,
771 1763 812 1838 ἀν
830 1775 886 1838 καί
905 1776 980 1837 Σεί-

389 1901 465 1964 ριον
486 1883 638 1944 καλοῦσι’
664 1878 763 1964 μέγας
782 1871 816 1944 δ’
836 1877 905 1944 ἐστὶ
924 1881 980 1943 καὶ

391 1981 551 2069 λαμπρός
600 1977 679 2062 τούς
725 1986 761 2050 δὲ
806 1983 981 2063 τοιούτους

350 2084 531 2177 ίῠάστέρας
554 2089 587 2158 οἱ
609 2084 807 2178 ἀστρολόγοι
826 2094 981 2177 Σειρίους

391 2203 530 2263 καλοῦσι
572 2190 626 2264 διὰ
667 2191 728 2285 τὴν
764 2206 822 2285 τῆς
856 2190 981 2282 φλογὸς

391 2306 534 2391 κίνησιν
560 2304 629 2392 (ἐπὶ
653 2314 715 2371 τοῦ
737 2301 903 2391 τραχήλου
921 2300 981 2391 β’,)

391 2403 443 2495 ἐφ’
468 2407 627 2499 ἑκατέρου
650 2406 744 2497 ὤμου
764 2409 797 2477 α’
817 2405 979 2498 ἀμαυρόν,

391 2519 448 2585 ἐπὶ
465 2515 613 2606 στήθους
630 2511 675 2601 β’,
698 2511 751 2585 ἐπ’
769 2518 979 2605 ἐμπροσθίου

346 2618 497 2704 θοιιοδός
523 2623 568 2712 γ’,
595 2625 666 2706 (ἐπὶ
693 2633 750 2713 τῆς
775 2622 901 2712 ῥάχεως
923 2622 981 2712 γ’,)

391 2733 447 2799 ἐπὶ
469 2735 597 2811 κοιλίας
618 2729 663 2814 β’,
692 2731 747 2798 ἐπὶ
769 2740 832 2799 τοῦ
854 2725 980 2818 ἀριστε-

390 2848 453 2926 ροῦ
477 2839 583 2924 ίσχίου
607 2837 652 2920 α’,
676 2833 728 2905 ἐπ’
750 2833 857 2925 ἄκρου
875 2832 981 2918 ποδὸς

392 2944 437 3027 α’,
474 2946 530 3012 ἐπὶ
567 2949 676 3028 δεξιοῦ
707 2939 813 3024 ποδὸς
845 2943 890 3027 α’,
927 2947 982 3013 ἐπὶ

391 3053 515 3140 κέρκου
539 3049 586 3119 α’“
613 3045 691 3131 τούς
713 3048 842 3130 πάντας
865 3050 909 3119 κ’.

382 3339 407 3376 ιι
427 3315 457 3374 α’
477 3352 510 3360 —-
531 3317 643 3390 λέγεται
663 3319 729 3374 ads.
748 3319 853 3373 Felirss.
890 3337 915 3375 ιτ
935 3318 981 3376 ἐπί

347 3415 397 3465 τοῦ
411 3405 552 3481 τραχήλου
561 3404 591 3480 β’
607 3408 708 3462 addidi
717 3409 786 3462 conl.
797 3409 876 3464 schol.
891 3410 979 3464 Germ.

347 3498 375 3553 S.
431 3517 456 3555 ιο
476 3493 520 3566 ἐφ’
541 3492 679 3567 ἑκατέρου
699 3490 777 3565 ὤμου
796 3499 908 3566 scripsi:
936 3495 980 3568 ἐφ’

348 3582 476 3659 ἑκατέρῳ
495 3579 564 3659 ὤμῳ
583 3585 653 3640 tisri.
690 3593 808 3641 seternm
826 3589 857 3640 in
874 3586 983 3657 Hyyini

347 3676 468 3744 exemplo
487 3670 573 3730 ὠτίου
591 3676 711 3730 extitisse
729 3675 844 3730 rideinr.
891 3693 916 3731 so
935 3673 981 3732 ἐπί

347 3769 396 3833 τῆς
414 3759 523 3836 ῥάχεως
542 3758 572 3835 γ’
597 3763 700 3817 addidi
717 3771 870 3832 praeeunte
893 3765 981 3834 Fero,

348 3853 398 3920 qni
411 3859 476 3922 post
500 3849 547 3908 ἐπί
570 3848 694 3921 στήθους
716 3848 746 3923 ,θ’
771 3853 873 3907 addere
897 3855 983 3909 υοίιιίί

348 3939 395 3997 ἐπί
414 3947 462 4011 τῆς
481 3937 590 4014 ῥάχεως
607 3937 647 4014 β’.
683 3959 709 3998 rr
728 3937 772 3997 ἐπ’
791 3936 881 4013 ἀκρον
896 3937 982 4007 ποδὸς

347 4031 458 4100 σαπροῖς
482 4027 527 4085 ἐπ’
546 4022 626 4105 ἀκρῳ
644 4033 710 4086 ποδί
729 4031 798 4086 λίθοι’.
905 4048 932 4087 ιι
951 4027 981 4086 α’

349 4120 571 4175 Schanbachins:
597 4116 624 4173 δ’
653 4121 728 4189 libri,
762 4119 838 4189 qnod
860 4121 983 4191 leserunt

348 4210 427 4263 schol.
441 4210 531 4264 Germ.
542 4210 597 4262 BP
608 4217 633 4264 et
642 4210 780 4280 Hyyinns.
831 4205 860 4263 κ’
873 4210 983 4265 Fellns:

348 4295 388 4369 ιγ’
408 4300 478 4353 libri.

1008 415 1107 467 Senos.
1128 415 1217 467 Amr.

1337 416 1437 469 Senon.
1452 415 1543 468 Genu.
1564 415 1616 469 BP.
1637 433 1663 485 p.
1682 417 1723 480 95,
1746 417 1789 469 10.

1289 1555 1351 1621 Sed
1379 1556 1473 1621 Canis
1503 1557 1601 1622 habet
1633 1558 1741 1622 stellas
1772 1556 1842 1622 XX.
1857 1569 1888 1618 ιο

1246 1685 1326 1748 quas
1353 1669 1460 1728 aurem
1487 1671 1534 1729 est
1562 1665 1654 1728 stella
1677 1665 1710 1728 in
1733 1667 1844 1748 capite

1246 1771 1312 1836 sius
1340 1769 1399 1834 Isis
1427 1771 1557 1848 dicitur,
1585 1793 1679 1854 quam
1708 1772 1844 1856 quidam

1245 1875 1362 1942 Sirium
1389 1878 1498 1943 dicuni
1520 1877 1561 1942 ab
1584 1879 1706 1944 ardore.
1740 1878 1844 1943 habet

1246 1983 1369 2049 stellam
1396 1985 1429 2049 in
1455 1983 1562 2068 lingua
1590 1985 1617 2061 1,
1649 2005 1745 2070 quam
1779 1984 1843 2050 Ca-

1246 2091 1381 2156 niculam
1404 2091 1610 2175 adpellsmus,
1642 2092 1776 2169 claram,
1810 2094 1843 2156 in
1855 2103 1887 2154 15

1182 2237 1186 2254 ι
1245 2199 1340 2263 armis
1350 2198 1482 2282 singulis
1492 2197 1799 2281 singulssobssusrs,
1810 2199 1844 2263 in

1245 2309 1372 2387 pectore
1382 2306 1469 2382 duas,
1483 2305 1516 2370 in
1528 2305 1608 2390 pede
1616 2305 1722 2390 priore
1732 2304 1794 2382 111,
1810 2306 1843 2370 in

1244 2417 1353 2476 ventre
1367 2411 1407 2488 Π,
1425 2413 1459 2476 in
1476 2413 1604 2478 sinistro
1622 2411 1741 2478 femore
1762 2413 1789 2490 1,
1808 2413 1841 2476 in

1244 2523 1382 2584 extremo
1396 2519 1476 2603 pede
1489 2518 1605 2586 claram
1618 2520 1643 2595 1,
1661 2519 1709 2603 (in
1723 2520 1841 2586 dextro

1243 2628 1323 2712 pede
1342 2627 1371 2713 I)
1389 2626 1422 2690 in
1440 2628 1541 2693 reuda
1562 2627 1637 2704 IIII,
1659 2627 1741 2692 fiunt
1765 2627 1836 2693 XX
1850 2637 1884 2691 20

1281 3340 1306 3378 ιο
1325 3322 1379 3376 Sed
1401 3320 1483 3376 Csnis
1511 3321 1595 3376 hebet
1623 3321 1741 3375 stsXX.
1771 3323 1882 3389 scripsi:

1246 3411 1331 3464 habet
1349 3410 1445 3464 stellas
1464 3410 1524 3464 XX.
1547 3409 1596 3465 ssd
1615 3409 1696 3465 Oanis
1716 3411 1803 3465 habet
1822 3408 1880 3462 BP.

1246 3499 1328 3555 cinis
1346 3498 1430 3552 habet
1448 3498 1544 3553 stelles
1564 3499 1616 3552 XX
1635 3504 1660 3568 β.
1698 3515 1722 3554 11
1742 3515 1815 3568 quse
1834 3514 1880 3552 su·

1246 3596 1301 3642 tem
1317 3595 1359 3642 est
1373 3618 1404 3626 -
1421 3588 1519 3642 ardore
1533 3588 1587 3641 hur
1600 3590 1733 3642 revocavi.
1764 3590 1796 3642 in
1808 3587 1880 3641 libris

1242 3685 1307 3745 post
1324 3675 1390 3730 oriri
1408 3676 1637 3730 ferventissimum
1663 3679 1703 3741 (in
1722 3679 1797 3731 ealce
1815 3677 1879 3729 Arn-

1242 3765 1337 3835 pisidis
1355 3765 1539 3827 narrationis)
1558 3765 1695 3835 seqnitur.
1809 3783 1834 3820 so
1853 3763 1878 3815 in

1246 3855 1344 3909 dextro
1368 3855 1439 3923 pede
1462 3855 1475 3907 I
1500 3854 1607 3908 addidi.
1649 3853 1677 3908 in
1700 3854 1790 3909 esuds
1813 3853 1878 3906 1111:

1246 3944 1277 3996 in
1304 3960 1335 3996 eo
1362 3959 1416 4010 qno
1445 3942 1606 3997 Gerrnrniei
1631 3943 1766 4010 interpres
1792 3943 1880 3995 niiinr

1246 4033 1379 4100 τνιωρίο,
1402 4033 1474 4086 sient
1495 4033 1527 4085 in
1549 4032 1651 4086 nostris
1673 4031 1815 4100 Epitomes
1836 4045 1877 4082 co-

1247 4120 1366 4189 ιιιοω,
1388 4127 1412 4174 ο
1432 4107 1455 4174 λ
1472 4121 1505 4175 ιι
1523 4103 1671 4176 inerat
1688 4126 1713 4175 n
1732 4120 1809 4175 sors
1826 4116 1877 4171 001-

1246 4212 1320 4279 lique
1333 4210 1428 4266 stellae
1441 4212 1556 4266 omissae
1570 4217 1658 4265 erant.
1678 4211 1713 4278 cs.
1727 4211 1877 4282 Προίτοιο.
