3906 5800
174 455 180 472 .
216 421 318 472 Senon.
338 419 431 480 Genu,
451 419 482 473 G.
503 436 528 488 p.
550 421 609 484 140,
628 419 671 474 et.
1114 421 1245 474 Hronsus
1264 421 1299 486 11,
1319 423 1360 476 18.
1548 423 1607 488 121

156 597 266 681 Equus
284 603 458 682 praeterea,
477 619 570 680 quem
589 598 718 682 qnidam
736 619 813 682 poe·
911 599 1003 664 Hunc
1025 600 1142 664 Aratus
1169 605 1202 663 et
1228 599 1283 664 alii
1311 600 1484 683 complures
1507 599 1567 663 Pe·
1633 599 1663 652 X
1670 599 1751 652 VIII-

1 771 2 786 1
114 711 219 768 tarum
237 703 406 770 falsissime
419 705 616 770 arbitrantur
629 706 714 770 inter
727 709 815 770 astra
867 727 988 787 gaeum,
1011 705 1154 786 Neptmsi
1176 710 1205 770 et
1227 706 1382 770 Medusae
1407 703 1568 786 Geryonis
1639 688 1747 754 Eqsrrrs.

1 797 2 850 i
113 811 313 876 conlocatum
333 833 399 878 esse
418 833 463 888 eo,
487 813 572 894 quod
590 834 611 877 a
628 811 814 876 celsitudine
867 811 980 892 filiurn,
1000 812 1161 886 dixenmt;
1180 813 1234 894 qui
1253 813 1286 875 in
1300 810 1452 876 Helicone
1465 811 1567 876 Boeo-

112 915 274 981 Heliconis
283 919 400 982 montis
410 916 546 984 conlisus
556 916 814 1002 pereussopn'ore
868 919 932 982 tiae
954 922 1060 982 monte
1083 918 1202 1000 ungula
1225 916 1475 995 serumserum,
1499 919 1567 984 fou-

85 1023 192 1104 5pcde
216 1044 331 1105 aquam
353 1025 548 1107 produxerit.
867 1030 933 1088 tem
955 1025 1089 1108 aperuit,
1111 1024 1166 1106 qui
1190 1045 1228 1088 ex
1251 1024 1318 1088 eius
1341 1025 1466 1090 nomino
1489 1025 1567 1110 Hip-
1595 1035 1612 1088 5

155 1130 288 1213 quidam
322 1151 381 1214 pro
413 1153 451 1196 eo
483 1132 568 1216 quod
600 1131 684 1196 Iovis
716 1151 814 1212 equus
867 1150 1001 1214 poerene
1034 1136 1083 1194 est
1114 1130 1299 1212 adpellatua
1362 1131 1418 1194 alii
1450 1131 1567 1208 dieunt,

109 1233 219 1300 fuerit.
868 1257 930 1320 quo
952 1241 1095 1320 tempore
1118 1236 1377 1321 Bellerophontes
1405 1287 1566 1304 ......

157 1342 302 1407 nonnulli
330 1364 403 1408 vero
429 1343 581 1427 Pegasum
604 1351 732 1428 putant,
760 1345 814 1427 qui
868 1363 966 1426 equus
984 1350 1090 1408 autem
1113 1343 1292 1409 subvolasse
1312 1348 1344 1408 ct
1361 1343 1445 1408 inter
1464 1344 1568 1410 sidera

108 1448 151 1511 ad
176 1455 265 1513 astra
286 1455 360 1533 poet
377 1449 629 1534 Bellerophontis
652 1451 816 1516 interitum
868 1449 910 1514 ab
933 1449 1005 1514 love
1029 1451 1217 1516 constitutus
1241 1451 1446 1514 existimetur.

70 1563 99 1615 10
109 1555 293 1620 evolaverit

156 2191 306 2275 Plerique
324 2199 432 2258 autem
451 2193 652 2277 Melanippen
671 2194 817 2261 Chironis
913 2195 1082 2278 Euripides
1091 2199 1195 2260 autem
1208 2194 1568 2280 inMelauippaHippen,

108 2297 209 2362 filiam
231 2298 423 2366 arbitrantes
445 2300 486 2363 ab
506 2299 604 2364 Aeolo
622 2301 742 2366 oeeulte
761 2304 815 2368 de-
869 2300 1015 2365 Chironis
1025 2301 1175 2366 Centauri
1184 2299 1291 2377 filiam,
1300 2301 1464 2384 Ocyrhean
1474 2308 1568 2366 antea

109 2406 212 2470 lusam
246 2411 279 2469 et
310 2427 349 2470 ne
380 2427 400 2469 s
427 2405 611 2489 parentibus
638 2409 815 2492 concepisse
868 2407 1062 2490 adpellatam
1089 2401 1175 2471 dicit.
1224 2429 1306 2490 paee
1332 2429 1401 2473 eum
1429 2407 1568 2472 aleretur

110 2510 405 2594 deprehenderetur
436 2513 477 2578 ed
509 2519 659 2578 montana
690 2514 816 2598 fugisse,
851 2513 901 2576 ‘in
923 2520 1030 2578 monte
1049 2513 1145 2590 Pelio,
1164 2519 1193 2578 et
1211 2515 1352 2578 stodiam
1369 2516 1405 2578 in
1423 2514 1567 2578 eeucado

1 2691 2 2698 χ
71 2627 194 2703 aequae
217 2639 289 2683 cum
311 2638 332 2682 a
354 2624 444 2701 patre
468 2619 662 2702 deprehendi
680 2623 815 2698 timeret,
867 2621 1041 2684 marimum
1058 2619 1192 2697 baberet,
1212 2621 1349 2702 quodam
1367 2627 1508 2703 tempore
1526 2619 1613 2685 abeo

110 2733 148 2789 ut
185 2724 227 2789 ab
265 2745 302 2788 eo
334 2723 461 2788 minime
494 2733 746 2808 cognosceretur,
782 2728 815 2792 in
869 2726 966 2790 Aeolo
990 2725 1134 2790 Helleuis
1158 2726 1227 2806 filio
1250 2725 1337 2790 Iovis
1357 2731 1468 2806 nepote
1482 2747 1567 2810 ¹per·

1 2901 2 2939 ,
111 2853 228 2916 equum
257 2850 407 2895 converse
434 2831 636 2896 miseratione
659 2835 760 2916 patris
783 2839 815 2898 et
868 2853 993 2898 suasam
1011 2833 1202 2914 concepisse3
1225 2853 1357 2916 cumque
1374 2833 1439 2897 iem
1457 2837 1567 2916 partus

1 2967 2 2978 ¹
111 2937 235 3002 Dianae
263 2938 305 3002 ad
332 2944 420 3002 astra
447 2937 671 3002 conscenderit
726 2941 814 3004 cuius
867 2938 1149 3021 adpropinquaret,
1180 2937 1358 3021 profugisse
1389 2941 1421 3002 in
1449 2939 1567 3016 silvam,

112 3045 304 3126 posteriores
329 3046 468 3126 corporis
491 3051 598 3127 partes
621 3051 750 3128 propter
768 3045 813 3110 fe·
837 3095 841 3104 .
866 3063 907 3106 ne
933 3044 1031 3126 patri,
1059 3065 1129 3109 cum
1152 3045 1306 3127 virginem
1329 3051 1482 3127 speraret,
1510 3067 1566 3108 ne·

70 3157 103 3211 25
111 3151 206 3214 minei
225 3170 318 3214 sexus
336 3151 489 3233 pudorem
507 3151 636 3234 pingere
654 3156 814 3238 contemp-
866 3154 973 3233 potem
1008 3171 1191 3233 procreasse
1227 3151 1395 3215 videretur.
1457 3151 1567 3233 itaque
1576 3159 1611 3214 25

111 3263 228 3322 serunt
773 3343 774 3346 Ἴ
867 3279 937 3322 eum
955 3279 1069 3340 parens
1088 3279 1158 3322 eam
1176 3261 1427 3340 persequeretur,
1450 3257 1567 3322 dicitrir

1 3450 2 3522 Τ
103 3473 234 3536 sputant
252 3467 279 3520 U
282 3487 290 3520 :
308 3473 439 3538 putantes
462 3469 492 3522 V.
530 3467 692 3524 ischironis
710 3470 812 3542 addfl.
902 3467 1163 3536 rBellerophontes:
1184 3468 1372 3536 Belerophons
1387 3468 1420 3521 R.
1440 3467 1611 3522 Bellerofons

73 3569 103 3607 re.
118 3574 143 3612 aa
158 3556 335 3610 miseratione
351 3557 438 3625 patris
453 3563 481 3610 et
492 3557 611 3611 Dianae:
623 3573 711 3624 prave
725 3562 812 3614 certic.
865 3555 900 3608 B.
920 3555 1116 3624 Bellophontes
1136 3556 1165 3610 V.
1186 3556 1370 3624 Bellerophon
1386 3557 1555 3610 Bassianus.
1580 3587 1610 3594 —

865 3646 990 3710 sequitur
1009 3645 1088 3712 epod
1102 3645 1245 3714 prinum
1258 3643 1478 3713 Bellerophontis
1495 3645 1612 3698 bistone

866 3748 900 3785 ex
920 3733 1084 3800 Asclepiade
1103 3739 1246 3786 enarrata.
1281 3733 1314 3798 cs.
1335 3733 1468 3802 Ispirndn
1488 3731 1531 3785 II.

866 3837 891 3876 ιτ
911 3821 1055 3890 Ocyrhean
1074 3822 1173 3888 scdpsi
1191 3837 1224 3874 ee
1242 3819 1341 3875 Ouidio
1359 3827 1419 3876 met.
1435 3821 1474 3874 II
1482 3823 1545 3888 638,
1565 3821 1614 3874 ubi

868 3908 989 3980 Ocprboe
1017 3915 1217 3978 nuncupatam
1250 3915 1334 3976 atque
1361 3925 1395 3963 ex
1422 3910 1482 3978 ipso
1513 3908 1612 3962 Ooidio

865 3999 1009 4068 ldppr'oam
1031 4000 1081 4052 bec
1103 3999 1246 4052 addidisse
1270 3999 1327 4052 ceri
1348 4015 1406 4051 uon
1424 4003 1463 4052 est
1482 3996 1613 4052 dessimde

865 4087 899 4152 cf.
916 4087 1048 4155 quimetr.
1068 4086 1110 4140 ΙΙ.
1130 4088 1214 4142 theon
1235 4085 1303 4141 MR.
1340 4092 1405 4140 teau
1428 4087 1458 4140 V.
1495 4085 1611 4155 Amphi·
1731 4103 1745 4132 ο

865 4177 950 4230 thean
968 4176 1138 4230 Bassianus.
