3908 5802
347 447 389 516 26

346 632 392 709 εἰς
415 623 558 718 ἄρκτους
580 629 636 694 καὶ
658 620 828 716 α’κατήοας
851 619 912 694 τὸν
930 629 1058 715 πατέρα
1079 620 1162 714 μετὰ
1179 654 1219 698 το
1238 633 1441 718 παραλαβεῖν
1459 622 1521 719 τὴν
1538 633 1706 714 βασιλείαν
1729 623 1768 698 τὸ
1793 652 1876 717 συμ-

344 731 408 820 βὰν
437 733 545 823 ἑαυτῷ
572 759 608 800 τε
635 739 691 801 καὶ
718 749 788 812 ταῖς
814 751 952 820 τροφοῖς
978 744 1028 822 τῷ
1055 729 1202 822 α’ρκτικῴ
1230 735 1414 826 ἐνεστήριξε
1442 736 1564 825 κύκλῳ,
1609 741 1766 806 artissime
1792 741 1875 804 haee

345 847 512 912 cohaerent
530 865 600 908 cum
618 843 739 908 duobus
757 843 977 926 Aglaosthenis
1000 844 1191 928 fragmentis,
1214 867 1293 930 quae
1320 847 1353 909 in
1375 847 1520 930 Epitome
1543 853 1666 912 servata
1688 854 1774 923 suut;
1797 869 1874 912 narn

345 953 410 1018 illie
441 951 473 1016 ll
504 953 652 1017 docemur
683 949 926 1032 Aglnostheucm
957 949 1071 1015 Ursam
1103 953 1306 1038 minorem⁵²)
1337 975 1395 1036 pro
1427 954 1599 1038 Cynosura,
1637 953 1717 1020 loris
1750 955 1876 1018 nutrice

345 1058 503 1134 habuisse,
531 1079 586 1122 cur
608 1063 713 1121 autem
736 1055 896 1140 thuosura
918 1077 1008 1122 ursae
1036 1057 1229 1141 potissimum
1252 1060 1353 1142 speeie
1375 1060 1459 1126 iuter
1481 1061 1585 1127 sidera
1606 1067 1733 1144 recepta
1755 1062 1810 1136 sit,
1836 1083 1875 1122 ox

345 1164 470 1230 scholiis
489 1165 613 1229 Arateis
632 1164 756 1230 demum
774 1163 992 1246 intellegimus.
1026 1163 1139 1229 deiude
1158 1165 1302 1248 Epitome
1319 1166 1408 1231 XXX
1426 1165 1504 1230 haec
1520 1165 1618 1232 habet
1638 1159 1876 1252 Ἀγλαοσθένης

346 1272 383 1338 δέ
404 1290 505 1359 φησιν
528 1270 564 1335 ἐν
586 1283 657 1347 τοῖς
679 1275 837 1350 Ναξικοῑς
858 1265 1040 1354 γενόμενον
1063 1261 1124 1335 τὸν
1143 1273 1202 1335 Δία
1225 1269 1262 1336 ἐν
1281 1268 1392 1359 Κρήτῃ
1415 1275 1471 1360 καὶ
1493 1265 1584 1359 παρὰ
1606 1282 1668 1339 τοῦ
1690 1266 1874 1359 πατρὸς-Ἣ

346 1375 546 1466 ζητούμενον
578 1377 710 1442 ἐκεῖθεν
741 1376 945 1463 instantiam
976 1378 1032 1440 καὶ
1064 1369 1208 1464 α’χθῆααι
1236 1377 1281 1454 εἰς
1308 1375 1422 1459 Νάξον
1449 1401 1475 1444 e.
1498 1404 1526 1463 q.
1550 1403 1573 1444 s.
1624 1382 1750 1446 videsne
1777 1403 1874 1464 quarn

345 1489 422 1552 mire
450 1487 527 1550 haec
554 1487 636 1550 inter
663 1506 696 1549 se
722 1484 926 1548 conveniant?
975 1483 1129 1550 Saturnus
1155 1486 1259 1550 Iovem
1286 1507 1416 1568 puerum
1443 1487 1476 1552 in
1504 1489 1598 1552 Creta
1625 1491 1760 1573 quaerit3
1792 1510 1874 1570 quas

344 1594 474 1658 insidias
497 1598 532 1658 ut
555 1592 693 1676 effugiat,
716 1590 768 1656 ille
785 1591 923 1656 nutrices
945 1592 978 1655 iu
995 1613 1093 1669 ursas,
1116 1613 1149 1657 ss
1167 1593 1268 1676 ipsum
1287 1593 1319 1656 iu
1337 1593 1503 1658 draconem
1526 1595 1628 1659 vertit.
1665 1603 1699 1660 at
1717 1594 1874 1660 Saturnus

344 1725 364 1765 a
386 1701 563 1783 ‹luamcndo
586 1721 648 1764 uon
671 1697 807 1773 desistit;
830 1719 926 1780 quare
949 1699 1071 1782 Iupiter
1092 1698 1214 1763 Naxum
1237 1698 1385 1764 defertur.
1425 1708 1535 1784 postea
1556 1703 1694 1786 periculo
1717 1701 1873 1766 liberatus

344 1815 376 1872 et
403 1809 567 1890 imperium
593 1806 726 1889 adeptus
753 1806 934 1868 memoriam
961 1805 1101 1870 incaelo
1125 1807 1295 1871 constituit.
1341 1807 1503 1884 concedes,
1530 1809 1653 1891 opinor,
1680 1807 1872 1873 scholiorum
1946 1809 1947 1816 ’

345 1917 530 1980 Arateorum
562 1911 772 1976 narrationem
804 1931 874 1976 cum
906 1911 1027 1976 duobus
1054 1912 1116 1975 illis
1143 1911 1364 1995 Aglaosthenis
1391 1913 1574 1997 fragmentis
1601 1915 1646 1978 ita
1672 1915 1872 1979 coniunctam
1946 1919 1947 1925 ’

345 2043 420 2100 osse,
442 2027 478 2085 ut
500 2021 540 2085 nd
559 2019 802 2102 Aglaostlrenem
826 2018 929 2082 redire
952 2039 1079 2101 prorsus
1099 2019 1274 2084 necessario
1292 2021 1492 2085 statuendum
1511 2022 1564 2095 sit;
1588 2022 1694 2104 itaquo
1712 2029 1748 2085 ut
1766 2027 1872 2088 cetera

344 2127 563 2211 Aglaosthenis
586 2127 770 2209 fragmenta,
793 2127 839 2188 ita
860 2125 943 2189 banc
964 2146 1087 2209 quoque
1111 2126 1305 2190 historiolam
1328 2128 1361 2191 iu
1380 2126 1609 2192 Catesterismis
1633 2129 1773 2193 extitisse
1796 2151 1871 2211 pro-

343 2235 449 2300 babile
471 2240 526 2298 est
562 2239 700 2299 ceterum
723 2254 832 2296 moneo
856 2233 939 2316 quod
962 2252 1057 2314 supra
1079 2233 1118 2297 de
1141 2232 1267 2298 scholiis
1290 2233 1322 2296 in
1342 2235 1562 2300 Germanicum
1580 2236 1745 2299 stituimus
1764 2236 1872 2298 omnia

344 2365 393 2420 ea,
416 2363 496 2426 quae
518 2341 581 2405 illis
605 2363 674 2404 oum
696 2340 821 2424 Hygino
844 2339 1019 2404 communia
1042 2346 1158 2416 essent,
1186 2361 1224 2404 ex
1247 2340 1477 2405 Catasterismis
1500 2343 1600 2424 petita
1623 2363 1702 2417 esse,
1730 2341 1815 2405 idem
1840 2341 1871 2404 in

344 2450 462 2516 scholia
489 2443 606 2512 Arateis
631 2467 694 2510 uon
721 2447 841 2512 eadere.
891 2467 963 2510 nam
989 2445 1022 2509 in
1050 2447 1112 2510 illis
1139 2455 1265 2529 praeter
1292 2445 1529 2512 Catasterismos
1556 2447 1609 2512 alii
1637 2468 1759 2530 quoque
1787 2447 1872 2519 libri,

344 2559 397 2640 qui
424 2557 456 2620 iu
485 2556 623 2620 sidorum
649 2552 791 2617 fabulosa
818 2553 1025 2634 explicatione
1049 2553 1266 2629 versabantur,
1293 2553 1429 2618 adhibiti
1451 2561 1538 2629 sunt,
1564 2560 1659 2638 atrpue
1682 2554 1776 2617 iidem
1800 2554 1872 2635 qui-

344 2665 428 2739 rlern,
455 2683 532 2746 qnos
555 2660 696 2744 Hyginus
724 2681 846 2742 qnoque
874 2666 929 2722 aut
956 2659 1032 2746 legit
1054 2666 1109 2724 aut
1136 2661 1168 2722 iu
1192 2659 1331 2725 fontibus
1358 2661 1422 2725 suis
1445 2667 1607 2744 excerptos
1631 2660 1757 2736 invenit,
1784 2659 1871 2723 velut

344 2769 508 2852 Hermippi
531 2767 678 2842 earmina,
701 2787 833 2850 quorum
855 2766 888 2830 in
911 2765 1141 2831 Oatasterismis
1164 2767 1252 2830 nulla
1274 2767 1399 2832 omnino
1421 2769 1539 2832 mentio
1563 2767 1645 2832 fracta
1667 2773 1744 2832 erat.

432 2877 573 2958 Denique
595 2873 673 2956 legit
695 2872 933 2938 Catasterisruos
955 2872 1071 2937 Rufus
1089 2873 1114 2936 F
1121 2879 1221 2937 estus
1241 2874 1411 2950 Alienum
1434 2883 1529 2957 atrpuo
1552 2895 1658 2938 ornnes
1680 2873 1768 2949 adeo,
1790 2893 1871 2954 ques

344 2983 467 3048 Arateis
491 2981 544 3044 ille
567 2979 764 3062 interposuit,
786 2978 908 3044 fabulas
931 2979 1017 3044 illiue
1038 2980 1156 3063 petivit.
1193 2981 1314 3045 monuit
1336 2981 1395 3046 hoo
1420 2982 1674 3046 Wilamowitzius
1698 3002 1796 3053 meus;
1821 3002 1871 3042 res
1933 2937 1942 3039 i

344 3111 418 3154 sane
441 3111 458 3152 e
482 3089 663 3153 certissimis
685 3092 741 3150 est.
787 3087 949 3152 considera
971 3087 1063 3152 modo
1086 3087 1143 3151 hos
1167 3087 1277 3151 Avieni
1301 3109 1405 3152 versus
1430 3108 1454 3151 v.
1482 3089 1543 3150 1ῑ2
1566 3109 1589 3150 s.

291 3173 295 3182 ⁴
651 3193 711 3258 illa
735 3193 896 3258 laboranti
917 3194 1031 3258 stanit-is
1053 3194 1187 3258 saeeedit
1210 3195 1314 3276 imapo

646 3301 806 3382 protinas,
830 3305 984 3379 capariam
1007 3323 1103 3383 qnam
1125 3302 1286 3382 paon-darn
1308 3302 1390 3364 dimit
1411 3302 1534 3365 Aratus

649 3407 786 3470 nona'nis
809 3410 837 3468 et
860 3407 949 3470 enias
972 3406 1067 3470 latntt
1090 3429 1213 3490 paopae
1235 3429 1333 3473 caasa
1356 3408 1508 3484 labora-m,

582 3525 632 3580 175
680 3514 796 3594 anpasr'
818 3514 872 3577 sed
894 3517 971 3578 nota
994 3517 1106 3592 tranen,
1131 3516 1181 3578 eat
1204 3514 1327 3596 loapr'or
1350 3520 1439 3579 aetas
1517 3509 1518 3514 ’

650 3623 731 3687 erait
753 3621 889 3685 excussis
912 3642 1035 3685 arcana
1058 3622 1189 3685 eaordia
1212 3623 1310 3686 rebns.
1333 3693 1337 3698 ,

649 3751 724 3793 narn
747 3729 832 3792 dara
854 3727 1002 3792 indomiti
1023 3733 1173 3792 cremarat
1195 3729 1251 3792 sab
1274 3729 1338 3810 lepe
1360 3729 1492 3810 tpranni

649 3834 957 3917 Amphitryoniaden
974 3835 1139 3914 primaevo
1161 3835 1196 3898 in
1218 3835 1295 3914 llere
1317 3837 1471 3914 iaverrtar,

651 3966 717 4025 pan
739 3944 852 4007 cedant
872 3941 968 4005 lametii
990 3941 1080 4024 toape
1101 3947 1219 4007 secreta
1242 3943 1314 4018 alieri,

581 4059 631 4112 180
649 4049 859 4128 Hesperidon
882 4048 1000 4112 venisse
1023 4047 1105 4112 locos
1127 4054 1221 4132 atque
1243 4069 1343 4113 aaran
1365 4049 1462 4126 nrala,

649 4157 752 4220 tascie
774 4175 856 4236 qaae
879 4154 956 4217 tenti
978 4175 1097 4235 serreper
1119 4156 1262 4219 custodia
1283 4157 1385 4220 sarrai

649 4263 803 4340 servabat,
828 4263 981 4342 carpsisse
1002 4283 1109 4340 arana,
1130 4267 1302 4344 postquam
1324 4261 1378 4326 tlte
1399 4281 1547 4328 novercae

649 4371 849 4434 insaturetur
872 4369 954 4432 odiis
975 4389 1101 4448 serpens
1124 4365 1249 4434 anons
1272 4369 1312 4434 ab
1334 4370 1399 4434 r'etn

650 4475 873 4557 spirarumque
895 4476 985 4539 sinas
1008 4481 1038 4539 et
1059 4475 1159 4555 (ertia
1181 4477 1308 4540 vineata
1332 4477 1449 4541 laeana

580 4591 631 4648 185
650 4583 805 4661 ornante
828 4583 872 4648 sie
893 4583 1029 4646 rrrernbra
1050 4603 1132 4668 pena
1153 4583 1291 4648 sabrina
1313 4583 1442 4649 sinistro

353 4705 363 4708 -
401 4697 543 4708 ——n--n-

429 4769 464 4836 Μ)
481 4767 605 4822 Eundem
629 4759 759 4816 maiorem
783 4777 872 4816 ursam
897 4775 945 4832 pro
969 4757 1066 4817 ileliae
1089 4757 1230 4829 habuisse,
1254 4757 1306 4818 etsi
1329 4775 1382 4818 non
1404 4757 1505 4818 diserte
1529 4763 1665 4829 tradatur,
1689 4769 1780 4817 tamen
1799 4760 1864 4816 satis

341 4855 510 4913 eorrlidenter
533 4861 631 4908 statne.
660 4849 688 4904 br
712 4849 913 4906 Catasterismis
941 4853 992 4906 hoc
1014 4853 1094 4907 Arati
1122 4853 1231 4906 nornine
1254 4853 1384 4907 traditum
1408 4860 1480 4922 eret;
1508 4854 1556 4908 sed
1581 4870 1647 4922 quas
1671 4853 1764 4907 turbas
1787 4848 1863 4905 Arati

341 4945 444 5003 mentio
463 4946 491 5000 iu
511 4938 711 4998 Catasterlsmis
731 4937 841 5010 saeptus
860 4939 991 5008 effecerit,
1011 4957 1072 4996 mox
1092 4958 1234 5011 exponam.

430 5034 464 5104 ω)
482 5027 560 5108 παρὰ
578 5033 628 5088 τοῦ
647 5026 754 5102 πατρὸς
772 5029 878 5101 scripsi,
897 5025 970 5086 κατὰ
988 5025 1091 5102 κράτος
1110 5031 1182 5086 libri.
