3906 5800
354 409 417 473 122
574 411 714 464 Εειτουυ.

394 586 583 673 βανομένην
610 579 696 672 πρὸς
722 581 763 654 τὸ
785 613 820 673 με
852 613 936 673 γνω-

396 699 520 779 σθῆναι
547 701 857 782 μεταμορφωθῆναι
880 699 937 762 καὶ

394 798 553 882 γενέσθαι
567 798 683 866 ἵππον.
709 793 763 866 διά
776 811 860 887 γοῦν
874 796 936 891 τὴν

395 897 565 986 εὐσέβειαν
598 898 700 994 αύτῆς
726 931 763 974 τε
790 911 848 975 καὶ
873 919 937 976 τοῦ

368 1003 523 1096 5πατρὸς
545 1005 604 1078 ὑπ’
623 1005 807 1098 Ἀρτέμιδος
830 1015 876 1094 εἰς
894 1009 936 1082 τὰ

396 1109 501 1201 άστρα
515 1124 667 1205 τεθῆναι,
685 1111 771 1187 ὅθεν
788 1129 838 1206 τῷ
852 1126 935 1187 Κεν-

394 1219 509 1308 ταύρῳ
528 1217 589 1309 ούχ
607 1219 711 1313 ὁρατή
730 1226 830 1294 ἐστιν.
860 1230 936 1294 Χεί-

394 1352 467 1414 ρων
474 1321 538 1415 γάρ
552 1331 682 1416 λέγεται
694 1329 779 1400 εἶναι
793 1333 932 1413 ἐκεῖνος’

393 1427 436 1500 τά
460 1436 496 1501 δὲ
520 1430 662 1504 ὀπίσθια
680 1439 762 1526 μέρη
780 1433 882 1528 αύτῆς
900 1433 935 1505 ά-

351 1551 385 1604 10
395 1549 486 1628 φανῆ
509 1541 579 1609 ἐστὶ
601 1536 686 1630 πρὸς
707 1538 747 1612 τό
771 1539 815 1634 μὴ
836 1543 934 1633 γινώ-

395 1655 538 1715 σκεσθαι
561 1647 703 1737 θήλειαν
726 1641 840 1721 οὖσαν.

434 1747 519 1838 Ἔχει
551 1755 587 1821 δὲ
619 1749 758 1843 ἀστέρας
790 1758 846 1826 ἐπὶ
873 1770 935 1828 τοῦ

394 1856 535 1945 ῥύγχους
574 1857 608 1942 β’
650 1854 833 1949 άμαυρούς,
879 1867 935 1934 ἐπὶ

393 1972 452 2052 τῆς
474 1972 622 2054 κεφαλῆς
640 1964 670 2033 α’
689 1968 855 2058 λαμπρόν,
879 1973 934 2040 ἐπὶ

352 2083 384 2134 15
393 2079 451 2157 τῆς
471 2069 625 2156 σιαγόνος
640 2073 681 2156 α’,
700 2069 753 2159 ἐφ>
772 2073 934 2166 ἑκατέρου

394 2170 500 2243 ω’τίου
528 2171 678 2266 άμαυρόν
711 2180 756 2264 α’,·
785 2183 841 2251 ἐπὶ
871 2194 934 2252 τοῦ

392 2280 558 2371 τραχήλου
578 2283 617 2366 ά,
641 2277 691 2353 σύν
709 2281 772 2355 τὸν
789 2285 876 2376 πρὸς
893 2300 933 2376 τῆ
991 2339 993 2346 1

393 2395 522 2475 κεφαλῇ
540 2391 784 2481 λαμπρότερον,
803 2396 858 2463 ἐπὶ
871 2407 934 2464 τοῦ

392 2489 486 2581 ὤμου
505 2494 546 2579 α’,
569 2499 625 2566 ἐπὶ
648 2498 795 2588 στήθους
814 2501 854 2584 α’,
878 2504 934 2572 ἐπὶ

347 2611 382 2666 20
392 2598 518 2687 ῥάχεως
536 2601 578 2686 α’,
596 2601 649 2672 ἐπὶ
667 2601 823 2693 ὀμφαλοῦ
841 2606 932 2695 ἔσχα-

391 2732 453 2774 τον
481 2705 635 2797 λαμπρὸν
658 2710 700 2794 α’,
727 2707 784 2780 ἐπ’
811 2715 931 2803 ἐμπρο-

392 2817 503 2881 σθίων
529 2815 686 2901 γονάτων
707 2818 749 2902 β’,
777 2815 834 2904 ἐφ’
858 2819 931 2889 ἑκα-

391 2921 489 3006 τέρας
504 2915 609 3010 ὁπλῆς
623 2922 662 2991 α’.
695 2921 789 3014 (τοὺς
802 2926 932 3009 πάντας

391 3023 459 3115 οἳ)

382 3245 456 3298 12213
476 3239 523 3297 ἐπὶ
542 3247 592 3298 τοῦ
611 3239 731 3315 ῥύγχους
748 3249 861 3318 scripti:
884 3247 931 3305 ἐπὶ

345 3333 395 3397 τῆς
422 3325 531 3400 ῥάχεως
555 3332 624 3386 Ιτλαὲ.
679 3350 705 3390 ιε
725 3332 771 3404 ἐφ’
791 3333 931 3409 ἑκατέρου

346 3411 431 3472 ὠτίου
446 3421 559 3488 scripsi:
573 3416 618 3486 ἐφ’
629 3416 757 3498 ἑκατέρῳ
772 3419 847 3499 αἰτίῳ
860 3427 929 3481 libri.

346 3523 372 3562 ro
390 3501 534 3577 άμαορὸνι
556 3507 688 3581 λαμπρὸν
707 3513 830 3582 Ιοροττυσ
848 3517 929 3571 ocbol.

347 3593 437 3649 Germ.
494 3592 540 3650 ἐπὶ
573 3603 623 3652 τοῦ
650 3596 791 3671 τραχήλου
818 3605 931 3672 obripui:

346 3679 393 3737 ἐπὶ
411 3687 451 3756 τῷ
471 3681 601 3759 τραχήλῳ
621 3689 690 3742 libri.
766 3708 800 3748 νε.
820 3709 847 3748 24
864 3689 930 3758 τοὺς

345 3766 453 3836 πάντας
472 3770 507 3842 ιη’
528 3775 593 3829 add.
613 3776 718 3834 Felluo.
746 3787 845 3835 contra
866 3780 928 3836 Ovi-

346 3858 411 3915 άίαε
432 3861 498 3928 sart.
513 3863 637 3918 111458
660 3869 751 3924 nereio
775 3885 853 3937 quem
877 3888 928 3925 αα-

345 3954 445 4004 ctorem
463 3959 572 4006 secutur
589 3955 695 4010 tertiat:

1018 415 1119 468 Senot.
1139 417 1227 467 Aaou.

1055 590 1193 642 omittunt.

380 4045 409 4092 et
423 4038 527 4094 nitidus
541 4042 630 4097 stellis
645 4043 766 4113 quinque
775 4046 925 4118 decemque
944 4050 1036 4104 micat.

1381 416 1482 468 Sciron.
1501 414 1594 468 Gonu.
1613 415 1664 467 BP.
1685 431 1711 483 p.
1733 415 1776 477 79,
1795 416 1819 467 9.

1309 592 1461 675 pietotom
1484 591 1588 656 Diana
1614 590 1709 656 astris
1731 591 1848 666 intulit,

1307 696 1393 762 undo
1417 695 1574 762 Centauro
1601 719 1664 762 non
1686 697 1847 781 adpareat.

1308 802 1425 868 Chiron
1454 807 1559 868 autom
1582 802 1699 869 dicitur
1723 805 1750 868 is
1773 825 1848 868 esse.

1307 910 1442 994 idooquo
1464 929 1576 975 avorsa
1598 909 1677 975 eboli
1696 917 1788 992 parto
1807 910 1848 976 ab

1308 1037 1345 1081 oo
1372 1016 1508 1100 positum
1529 1014 1614 1082 filiae
1636 1013 1787 1100 effigiem,
1812 1021 1849 1081 ut
1875 1027 1893 1079 5

1307 1144 1371 1188 uon
1394 1128 1626 1206 agnosceretur.

1523 1667 1549 1721 p.
1569 1651 1612 1716 79,
1632 1655 1674 1707 ll.

1350 1758 1457 1824 Habet
1470 1757 1578 1824 stollas
1595 1758 1629 1822 in
1647 1757 1728 1824 focio
1747 1758 1849 1824 claras

1306 1864 1398 1941 duos,
1426 1866 1460 1930 in
1483 1865 1586 1948 capito
1609 1865 1638 1942 1,
1665 1865 1699 1928 in
1723 1885 1803 1929 ooxa
1825 1864 1849 1940 1,

1305 1970 1850 2055 adsingulosourissingulasolarou,

1305 2079 1339 2142 in
1366 2077 1446 2142 collo
1474 2076 1552 2153 1111,
1579 2075 1723 2160 proximo
1750 2078 1849 2160 capiti
1859 2087 1890 2138 15

1305 2184 1432 2259 olorum,
1454 2183 1488 2248 in
1510 2203 1599 2248 armo
1617 2183 1642 2260 1,
1665 2183 1699 2246 in
1718 2189 1849 2266 pectore

1305 2288 1333 2367 1,
1361 2289 1410 2375 (iu
1437 2289 1531 2355 dorso
1561 2287 1609 2380 L)
1636 2288 1670 2353 in
1696 2289 1847 2355 umbilico

1305 2395 1450 2461 ultimam
1473 2396 1591 2460 claram
1609 2396 1634 2469 Ι,
1657 2396 1691 2462 in
1712 2396 1847 2480 genibus

1307 2501 1466 2583 prioribus
1489 2502 1612 2566 duobus
1629 2501 1670 2578 ΙΙ,
1694 2501 1727 2566 iu
1745 2523 1847 2587 ungu·

1306 2606 1345 2671 lis
1355 2607 1502 2690 singulas.
1516 2607 1844 2674 fiuntsummoXVHI.
1855 2618 1888 2672 20

1339 3240 1494 3311 1piototom
1505 3245 1531 3313 β.
1551 3241 1656 3312 pietate
1666 3243 1727 3296 BP.
1773 3259 1847 3298 ruon
1856 3245 1883 3311 β.

1302 3341 1401 3385 nomon
1420 3331 1480 3385 BP.
1566 3346 1694 3386 inverso
1712 3335 1740 3401 β.
1768 3332 1882 3387 adversa

1302 3417 1362 3472 BP.

1272 3517 1276 3525 ’
1338 3507 1745 3564 rucluruszdebebatobscuras.
1775 3526 1882 3566 rrooxu:

1303 3595 1414 3649 debebat
1440 3591 1566 3663 ruoxilla,
1599 3596 1647 3650 red
1672 3597 1792 3663 fortasse
1818 3597 1883 3664 quir
1948 3640 1951 3673 ρ

1302 3678 1411 3753 οιαγάν
1429 3689 1504 3752 eruet,
1523 3685 1666 3739 αοεοίοὺασ.
1721 3703 1747 3742 ιτ
1761 3686 1790 3741 iu
1808 3688 1881 3742 dorso
1951 3694 1952 3709 ¹

1301 3773 1314 3824 Ι
1334 3771 1442 3826 addidi.
1506 3790 1532 3830 ro
1551 3772 1688 3842 prioribus
1706 3777 1733 3845 β.
1753 3774 1880 3844 posterio-

1301 3858 1377 3914 ribus
1396 3858 1457 3914 BP.
1495 3861 1522 3912 11
1542 3860 1608 3914 add.
1629 3879 1651 3915 ε.
1724 3879 1751 3918 το
1765 3861 1879 3931 singulas
1951 3886 1952 3903 υ

1301 3947 1407 4015 obripui.
1435 3948 1551 4018 singulis
1569 3949 1628 4002 BP.
