3906 5800
234 431 335 482 Senon.
356 430 448 484 Genu.
469 429 501 484 G.
522 447 548 499 p.
570 431 628 495 138,
648 432 690 484 21.
1134 431 1266 484 Huornun
1284 432 1319 496 ΙΙ,
1340 434 1382 486 10.
1569 433 1629 496 117

177 606 338 692 Cassiepia
361 609 496 685 Interea,
527 616 563 673 ut
590 609 636 673 ait
663 607 833 693 Sophocles
932 609 977 673 Ilo
1010 610 1070 674 hnc
1096 610 1272 690 Euripides
1304 614 1333 673 el
1360 609 1530 694 Sophocles
1557 615 1585 676 el
1672 609 1754 664 XVI-

135 715 307 778 carminum
330 719 427 790 vates,
450 720 580 798 propter
598 715 750 782 invidiam
768 715 833 781 An·
886 715 946 778 olii
964 715 1137 796 complures
1156 715 1313 793 dixerunt,
1335 722 1372 780 ut
1391 717 1527 800 gloriata
1545 719 1587 780 sit
1640 697 1789 767 Cassiepia.

134 820 302 884 dromedae
329 841 384 884 seu
407 819 551 885 Nereidis
575 827 738 886 eteorum
761 821 832 904 pul·
886 843 920 888 se
943 821 1044 886 forma
1065 821 1219 886 Nereidas
1241 827 1411 905 praestem.
1444 843 1501 905 pro
1523 835 1586 906 ‘quo

133 926 320 990 oritudinem
335 925 452 991 dieitur
465 927 643 1010 pervenisse
657 927 832 992 adruinum
885 927 970 992 iaoto
993 928 1077 993 inter
1099 929 1205 992 sidera
1223 928 1334 992 sedens
1353 931 1385 992 in
1405 929 1586 1010 siliquastro

108 1038 164 1096 5et
186 1053 245 1115 pro
269 1053 308 1096 es
330 1031 431 1097 fertur·
448 1032 614 1116 Neptunus
630 1055 760 1106 ¹omnem
783 1055 832 1098 re·
885 1034 1058 1098 oonst'tute
1080 1039 1137 1099 est.
1615 1047 1631 1096 5

131 1138 257 1222 gionem
276 1143 347 1204 oetu
366 1139 549 1204 transmisso
568 1147 714 1204 vastasse.
738 1161 831 1224 quam

131 1243 172 1308 ob
206 1265 333 1309 eausam
360 1247 444 1310 iuter
471 1253 558 1311 astra
585 1246 749 1312 conlocato
775 1252 831 1310 oet.

132 1350 275 1434 pingitur
298 1351 382 1415 enim
405 1373 499 1434 super
521 1353 631 1418 sellem
655 1352 775 1418 sedens

376 1670 544 1738 pmn
1213 1671 1312 1734 mn

175 1775 283 1840 Habet
302 1783 409 1862 eutem
427 1777 536 1842 stelles
554 1777 587 1839 in
606 1777 709 1859 capite
728 1777 831 1859 splen·
930 1775 1031 1840 Huius
1045 1777 1079 1839 iu
1093 1778 1198 1859 eapite
1211 1777 1305 1842 stelle
1319 1777 1497 1843 ostenditur
1513 1776 1536 1849 Ι,
1555 1780 1587 1842 in

133 1883 239 1947 didam
279 1904 386 1960 unam,
426 1883 459 1947 in
498 1903 687 1966 unoquoque
723 1903 831 1947 umero
885 1886 1020 1963 utroque
1052 1904 1161 1947 umero
1195 1883 1224 1961 1,
1257 1885 1289 1947 in
1322 1884 1442 1967 papilla
1474 1885 1587 1949 dextra

133 1988 332 2073 splendidam
372 2011 479 2066 unem,
521 1992 554 2054 in
593 1990 706 2054 dextra
740 1995 832 2072 perte
885 1986 971 2051 olore
993 1986 1018 2064 1,
1036 1987 1053 2025 *
1072 1987 1121 2026 **
1140 1990 1173 2052 iu
1195 1988 1345 2054 umbilico
1368 2009 1483 2072 magna
1506 1989 1530 2065 I,
1553 1991 1586 2053 in

94 2108 123 2160 15
133 2095 271 2180 pectoris
294 2117 397 2173 unam,
420 2097 454 2161 In
472 2097 585 2160 dextro
604 2094 711 2160 cubito
731 2116 832 2171 unum,
886 2093 1014 2158 sinistro
1046 2092 1162 2159 femine
1194 2096 1288 2170 duae,
1320 2095 1353 2160 iu
1381 2117 1464 2179 genu
1492 2095 1521 2172 Ι,
1552 2097 1631 2160 inm

132 2204 163 2268 iu
186 2223 377 2287 unaqueque
399 2223 495 2267 mauu
518 2201 655 2267 lucidam
673 2222 777 2278 unam,
800 2200 832 2266 in
885 2201 967 2282 pede
989 2201 1089 2284 priori
1107 2202 1218 2266 dextro
1237 2200 1265 2276 I;
1287 2203 1321 2265 in
1344 2202 1500 2285 quadrato
1523 2223 1586 2285 quo

133 2309 283 2374 umbilico
306 2309 444 2374 lucidam
467 2306 669 2384 uuam,**iu
691 2326 831 2392 unoquo·
885 2305 963 2371 sella
986 2305 1182 2372 deformetur
1206 2329 1282 2382 una3
1301 2309 1334 2372 in
1352 2307 1476 2390 angulis
1490 2308 1586 2373 utris-

133 2437 193 2498 que
217 2415 333 2498 engulo
357 2415 468 2491 sellae,
490 2416 524 2478 in
546 2435 609 2496 que
632 2415 733 2492 sedet,
755 2413 832 2478 Iuoi-
886 2433 946 2496 que
978 2412 1121 2495 singulae
1153 2413 1268 2478 clarius
1298 2413 1411 2478 esteris
1439 2413 1587 2478 luoentes

133 2523 207 2586 dnm
229 2543 334 2587 unam.
380 2522 413 2586 in
436 2543 559 2586 summa
581 2521 651 2586 XII.
886 2518 965 2583 haeo
984 2519 1082 2603 igitur
1101 2525 1150 2584 est
1162 2519 1289 2584 omnino
1305 2519 1467 2584 stellarum
1481 2518 1585 2584 XIIII.

127 3369 186 3425 Suo
205 3385 282 3423 moro
298 3383 401 3438 praem
419 3369 500 3423 umbo
515 3383 605 3436 prave
623 3366 764 3421 intellexit.
924 3383 937 3420 r
955 3366 1123 3434 complures:
1141 3366 1235 3433 plures
1254 3364 1284 3418 V.
1313 3363 1443 3433 gloriata:
1459 3363 1583 3433 gladiato
1603 3365 1632 3418 V.

128 3458 266 3513 tioterea
287 3457 320 3510 G.
339 3457 369 3511 iu
387 3463 462 3511 terre
481 3455 508 3510 S.
586 3472 612 3510 rr
631 3455 765 3510 lacunam
782 3456 835 3524 sip·
890 3454 1067 3510 relacionem
1084 3454 1201 3524 styriam
1258 3451 1387 3506 umbilico
1405 3453 1511 3521 scripsi.
1531 3453 1632 3506 lumbis

94 3549 163 3600 ouri.
890 3543 959 3596 ldm'.
1045 3559 1071 3597 re
1090 3541 1175 3610 priori
1200 3541 1228 3594 V.
1258 3540 1370 3608 primori
1390 3539 1428 3594 D.
1448 3557 1498 3594 om.
1519 3541 1578 3594 alii.
1597 3541 1632 3606 os.

891 3631 929 3684 ad
947 3631 1103 3698 Epidomeo.
1177 3647 1202 3685 te
1221 3629 1301 3683 XIIII
1321 3628 1414 3684 DVR.
1435 3629 1502 3684 XIII
1522 3628 1579 3682 alii.
