3908 5802
321 437 364 501 52
490 437 628 490 Errrous.

411 1353 517 1430 οὖσαν
541 1365 576 1430 δὲ
601 1362 637 1429 έν
655 1372 704 1450 τῷ
728 1356 799 1450 ὄρει

366 1477 577 1557 θηρευθῆναι
608 1463 675 1535 ὑπὸ
703 1466 799 1535 αἰτιό-

324 1588 356 1639 10
366 1581 437 1642 λων
455 1585 560 1642 τινοῖν
579 1579 634 1642 καὶ
652 1579 798 1663 παραδο-

366 1689 470 1767 θῆναι
483 1675 566 1766 μετὰ
579 1690 642 1746 τοῦ
654 1683 800 1768 βρέφους

356 1797 416 1880 τῷ
435 1786 597 1854 Λυκάονι
618 1781 702 1874 μετὰ
723 1784 798 1874 χρό-

369 1918 430 1959 νον
454 1895 491 1960 δέ
518 1919 593 1960 τινιι
617 1891 710 1976 δόξαι
740 1894 798 1970 εἶς-

368 2005 482 2066 ελθεῑν
506 2000 552 2076 εἰς
575 1992 615 2065 τὸ
638 2009 700 2065 τοῦ
724 1992 800 2076 Διὸς

324 2116 357 2168 15
368 2099 494 2187 ἄβατον
508 2099 719 2194 ἄγνοῆσασαν
737 2099 800 2171 τὸν

307 2205 319 2222 ’
370 2208 486 2296 νόμον.
502 2205 569 2278 ὑπὸ
586 2209 620 2278 δέ
635 2213 799 2278 rabidior

370 2315 444 2382 υἱοῦ
490 2318 699 2405 διωκομένην
743 2320 800 2382 καὶ

367 2431 438 2488 τοῦν
448 2416 616 2510 Ἀρκάδων
634 2427 691 2490 καὶ
709 2418 799 2490 ἄναι-

367 2537 499 2615 ρεῑσθαι
531 2530 718 2616 μέλλουσαν
747 2523 801 2596 oab

323 2649 358 2700 20
368 2629 430 2702 τὸν
454 2636 629 2724 εἰρημένον
650 2634 757 2722 νόμον
781 2630 800 2702 ὁ

368 2734 451 2818 Ζευς
466 2734 520 2807 διὰ
534 2734 596 2829 τῆν
609 2742 802 2828 συγγένειαν

369 2840 475 2934 αὐτὴν
503 2846 645 2929 ἐξείλετο
678 2852 734 2914 καὶ
764 2847 801 2914 έν

368 2968 439 3032 τοῖς
454 2948 589 3040 ἄστροις
603 2947 708 3042 αὐτὴν
723 2951 800 3042 έθη-

369 3067 441 3125 κεν·
468 3055 604 3146 Ἄρκτον
633 3062 667 3126 bt
697 3053 801 3150 αὐτὴν

323 3177 359 3228 25
369 3159 523 3252 circipene
544 3157 598 3232 διὰ
620 3158 661 3232 τὸ
686 3172 800 3251 συμβε-

368 3265 470 3360 βηκὸς
497 3266 581 3356 αὐτῆ
605 3270 800 3357 σύμπτωμα.

360 3643 386 3685 rs
405 3633 469 3696 post
492 3619 613 3698 ἄβατονι
634 3621 713 3696 trodo
730 3626 800 3682 iibri.

325 3718 376 3770 del.
400 3717 594 3785 Koppiersins.
640 3733 723 3773 ro·1e
747 3711 800 3770 inb

325 3804 354 3858 δέ
379 3809 430 3858 τοῦ
453 3803 523 3858 ἰδιόυ
545 3801 607 3858 eici
625 3804 802 3875 διωκομένην

325 3895 373 3947 καὶ
400 3897 458 3946 τῶν
483 3887 622 3964 Ἀρκάδων
649 3897 697 3948 καλ
725 3890 802 3949 ἄνδι-

326 3978 624 4050 <resuscitationem
634 3983 714 4037 rerba
728 3999 801 4037 rnen·

326 4070 370 4136 do,
397 4069 445 4123 sed
471 4070 540 4122 satis
568 4073 694 4139 antiqno,
728 4071 803 4138 qnod

325 4160 381 4212 ιὀυι
403 4159 489 4213 Arati
514 4159 672 4214 scholiastes
698 4160 730 4211 in
756 4175 802 4213 eo:-

325 4248 413 4315 ernplo
430 4263 484 4300 sno
501 4248 615 4315 incenit,
634 4249 804 4315 deproeata;

324 4338 448 4404 ρωιιιὶιια
472 4337 597 4405 legerunt
619 4335 752 4404 Hyginus
779 4341 803 4388 et

327 4423 488 4478 Germanici
519 4425 693 4492 interpretes,
728 4424 804 4478 nnde

326 4509 395 4577 qnid
411 4512 544 4578 receptam
561 4511 657 4578 snm't,
677 4510 803 4578 adparet.

325 4597 510 4668 Koppiersins
522 4599 725 4653 distinctionem
739 4606 804 4654 ante

326 4681 380 4741 ὕπὸ
416 4688 496 4754 tollit,
528 4693 593 4755 post
628 4685 804 4757 διωκομένην

870 437 970 492 Sonos..
981 439 1070 491 Anrr.
1086 455 1109 490 v.
1120 437 1203 508 2741.
1214 437 1257 502 54,
1267 439 1309 492 ⁶25.

941 1349 1047 1427 οὖσαν
1067 1360 1101 1426 δὲ
1126 1359 1163 1426 έν
1186 1368 1235 1446 τῷ
1260 1353 1329 1447 ὄρει

897 1475 1108 1555 θηρευθῆναι
1138 1460 1205 1534 ὑπὸ
1234 1464 1329 1533 αἰπό-

855 1587 888 1639 10
898 1580 968 1641 λων
1000 1583 1105 1639 τινῶν
1136 1578 1194 1640 καὶ
1225 1599 1329 1660 παρα-

898 1683 1042 1767 δοθῆναι
1071 1677 1221 1744 Λυκάονι
1248 1672 1331 1764 μετὰ

897 1796 960 1853 τοῦ
977 1788 1134 1873 βρέφους·
1154 1779 1237 1871 μετὰ
1254 1783 1330 1873 χρό-

898 1917 961 1960 νον
985 1894 1022 1958 δέ
1048 1917 1124 1958 τινα
1153 1890 1247 1974 δόξαι
1271 1893 1330 1970 εἰς-

898 2005 1012 2066 essen
1036 1999 1083 2076 εἰς
1104 1991 1145 2064 τὸ
1169 1996 1330 2080 Λύκαιον,

857 2099 919 2172 lbb'
947 2106 1016 2172 έστι
1048 2113 1109 2170 τοῦ
1132 2099 1208 2182 Διὸς
1240 2101 1330 2190 λεγό-

897 2235 1001 2298 μενον
1016 2206 1152 2294 ἄβατον,
1171 2205 1330 2299 ἀγνοῆσα-

900 2337 962 2384 σαν
976 2310 1037 2384 τὸν
1052 2314 1170 2403 νόμον,
1188 2309 1254 2383 ὑπὸ
1269 2325 1332 2382 τοῦ

899 2424 987 2490 ἰδίου
1011 2425 1047 2491 δὲ
1070 2421 1147 2489 υἱοῦ
1173 2423 1331 2508 διωκομέ-

900 2555 961 2619 νην
1006 2532 1063 2596 καὶ
1106 2522 1221 2595 αὐτῶν
1260 2536 1332 2595 τῶν

855 2630 1067 2724 suspector·
1121 2629 1331 2722 ἀναιρεῖσθαι

898 2743 1086 2827 μέλλουσαν
1114 2735 1168 2808 διὰ
1198 2735 1261 2808 τὸν
1290 2741 1331 2806 εἰ-

899 2849 1044 2936 ρημένον
1071 2845 1179 2933 νόμον
1207 2841 1226 2914 ὁ
1249 2840 1333 2924 Ζεὺς

901 2950 955 3022 διὰ
977 2948 1039 3042 τὴν
1059 2954 1252 3040 συγγένειαν
1276 2941 1351 3018 σθ’

899 3055 961 3149 τὴν
976 3061 1119 3144 ἐξείλετο
1136 3063 1193 3126 καὶ
1212 3060 1248 3125 έν
1262 3074 1332 3138 τοῖς

856 3179 891 3232 dt)
901 3163 1036 3254 ἄστροις
1051 3163 1186 3258 έθηκεν,
1196 3161 1332 3253 Ἄρκτον

901 3275 936 3339 bt
963 3267 1068 3360 αὐτὴν
1096 3266 1249 3357 ὠνόμασε
1278 3265 1333 3337 διὰ

900 3372 940 3446 τὸ
965 3376 1159 3465 σύμπτωμα.
1218 3437 1221 3444 .

891 3645 915 3684 11
936 3621 1095 3683 Λέκωνιῗ.
1129 3625 1203 3684 ιειδὲ
1223 3625 1332 3683 σοιΜ.

856 3735 889 3774 rs.
917 3735 943 3774 rs
971 3714 1111 3786 θεωμένην
1138 3717 1167 3772 V.
1222 3735 1248 3773 re
1284 3719 1332 3772 rot

856 3799 1194 3874 circunstantibus
1216 3807 1258 3862 ael
1278 3823 1332 3861 me·

855 3893 911 3948 tine
948 3889 1063 3960 αὐτοὺς)
1099 3897 1157 3948 τῶν
1194 3889 1333 3966 λρκᾶδων

856 3976 984 4052 ἀναιρεῖν
1000 3976 1164 4050 μελλόντων
1183 3981 1226 4036 Μ.
1262 3998 1332 4040 Μ

857 4065 945 4139 αὐτήν
958 4071 1023 4124 dedi
1041 4088 1075 4125 en
1088 4071 1230 4138 Epitonte:
1248 4065 1333 4139 αι’τῆς

857 4159 893 4212 M
897 4159 933 4225 V;
944 4176 1040 4227 nerrepe
1049 4155 1094 4212 διὰ
1103 4156 1155 4228 τῆν
1164 4157 1333 4229 συγγένειαν

857 4254 882 4302 et
904 4248 949 4301 bic
971 4253 996 4302 et
1018 4249 1050 4300 in
1072 4248 1201 4316 Epitome
1222 4255 1260 4304 est
1288 4244 1333 4301 διὰ

859 4332 889 4388 τὸ
905 4333 1099 4406 συγγενέσθαι
1114 4331 1192 4404 αὐτῇ.
1226 4351 1252 4392 so
1271 4341 1333 4403 post

857 4417 986 4494 ἄστροιςι
1013 4419 1101 4494 αὐτὴν
1129 4425 1171 4478 Μ.
1211 4441 1237 4482 rr
1265 4420 1333 4492 οὑμ-

858 4532 960 4580 ursona
983 4514 1013 4567 V.
1037 4517 1140 4580 πτῶμα
1158 4513 1200 4567 M.

1409 435 1510 492 Senon.
1521 434 1614 491 Genu.
1624 434 1677 492 BP.
1693 453 1718 506 p.
1730 437 1773 500 58,
1790 437 1830 490 to.

1383 615 1457 698 figis
1488 613 1748 698 transfiguratum
1783 615 1816 681 in

1383 724 1550 788 venatione
1558 721 1723 787 Callistum
1732 743 1815 788 com-

1383 829 1542 913 pressisse.
1556 836 1698 912 tempore
1707 835 1816 912 partus

1383 935 1815 1021 plenocumvexsretur‚Dia-

1384 1063 1443 1108 nee
1474 1040 1598 1125 culpam
1630 1043 1815 1114 vindicasse
1843 1051 1858 1100 5

1384 1149 1499 1214 iratcm
1513 1150 1649 1214 Dianam
1663 1151 1696 1212 in
1710 1168 1815 1214 ursam

1384 1277 1454 1322 eam
1476 1253 1725 1339 transfigurasse.

1428 1361 1515 1440 Quae
1526 1361 1601 1426 dum
1616 1363 1648 1424 in
1658 1360 1816 1426 montibus

1383 1473 1564 1551 vagaretur,
1586 1488 1607 1532 u
1628 1467 1817 1550 quibusdem

1384 1573 1564 1657 pastoribus
1600 1582 1859 1658 comprensumlb

1384 1701 1455 1746 cum
1469 1701 1568 1763 puero
1582 1686 1616 1745 et
1632 1681 1816 1763 perductam

1384 1786 1425 1850 nd
1440 1786 1630 1871 Lycaonem3
1648 1790 1720 1870 post
1738 1793 1817 1851 tem·

1384 1913 1444 1976 pus
1462 1893 1495 1956 in
1508 1891 1623 1976 Lycaei
1637 1891 1721 1957 Iovis
1738 1898 1818 1956 tem·

1384 1998 1437 2082 plo
1456 1997 1641 2083 confugisse,
1659 2021 1731 2098 epm
1748 2019 1818 2064 eum

1386 2105 1484 2169 Arcas
1506 2103 1589 2170 filius
1615 2115 1861 2189 persequere-to

1385 2217 1451 2289 tur,
1478 2210 1534 2275 ubi
1561 2211 1650 2284 netas
1673 2213 1818 2276 eratin-

1386 2323 1480 2382 trare.
1502 2338 1573 2382 cum
1586 2315 1628 2380 ub
1642 2317 1820 2383 Arcadibus

1385 2423 1512 2507 utrique
1529 2421 1664 2489 interfici
1683 2431 1820 2507 possent,

1386 2528 1508 2612 Iupiter
1547 2535 1698 2612 utrosque
1739 2530 1820 2594 cccli

1385 2635 1480 2700 ostris
1512 2636 1622 2700 intulit
1652 2645 1861 2719 ursumquero

1385 2763 1454 2806 eam
1477 2743 1658 2808 nominavit.

1421 3644 1464 3686 ss
1484 3627 1677 3699 compressisse
1696 3629 1731 3685 B.
1749 3646 1860 3701 oppres-

1385 3718 1455 3774 sisse
1478 3719 1505 3772 P
1555 3737 1569 3774 ι
1596 3726 1743 3775 vexaretur
1767 3736 1861 3788 nernpe
1938 3741 1939 3783 ς

1385 3807 1650 3876 interrogationibus
1662 3809 1696 3874 cf.
1707 3808 1768 3876 ΙΙΙ,
1775 3825 1804 3877 p.
1816 3811 1859 3869 60,
1935 3828 1940 3889 η

1386 3899 1429 3950 19.
1507 3897 1702 3952 evindicasse
1731 3897 1859 3950 noano-
1936 3889 1940 3911 '

1386 3985 1507 4039 witrine:
1523 3985 1659 4040 indicasse
1673 3985 1733 4038 BP.
1771 4003 1783 4040 ι
1802 4001 1858 4040 cem

1387 4072 1494 4126 addidi.

1422 4177 1448 4217 ιι
1467 4159 1622 4230 confugisse
1640 4163 1746 4232 scripsi.
1769 4161 1859 4217 coniu-

1386 4250 1465 4319 giens
1481 4250 1539 4303 BP
1559 4251 1762 4322 confugientem
1784 4251 1858 4304 Bub-

1386 4339 1449 4394 bins.
1470 4354 1503 4394 ιε.
1513 4357 1538 4396 ιε
1548 4347 1761 4410 persequeretur
1771 4338 1858 4394 Κλειο-

1387 4427 1499 4496 tinpins.
1555 4435 1768 4498 prosequeretur
1803 4425 1858 4480 BP.

1386 4531 1412 4570 ιι
1431 4531 1492 4570 cum
1512 4534 1535 4580 ε,
1561 4517 1610 4586 ani
1628 4523 1653 4572 et
1667 4522 1731 4586 post
1755 4517 1856 4571 intrare

1388 4603 1531 4659 destinarit:
1549 4621 1610 4660 eum
1629 4605 1690 4659 BP.

321 4775 416 4844 ponit,
439 4792 503 4828 mor
523 4776 617 4830 screbit
639 4777 687 4830 καὶ
711 4769 766 4832 ὑπὸ
785 4781 842 4832 τῶν
863 4771 1002 4848 λρκάδων
1020 4773 1201 4850 ἀναιρεῖσθαι
1224 4777 1402 4848 pittonem,-
1424 4789 1495 4836 recte
1513 4783 1631 4852 quidem,
1650 4782 1698 4839 sed
1717 4782 1857 4839 dicendum

325 4871 394 4930 erut,
408 4865 534 4918 Arcades
551 4871 576 4919 et
593 4871 708 4919 matrem
726 4871 751 4920 et
768 4867 858 4934 filium
871 4867 1065 4934 interfecturos
1077 4869 1171 4937 fnisse,
1191 4871 1267 4940 qnod
1280 4870 1338 4924 nisi
1354 4872 1382 4923 oi
1400 4872 1525 4925 redhibito
1539 4889 1599 4926 enne
1613 4874 1724 4928 reddat
1736 4877 1856 4941 neqrreot,

327 4953 406 5008 rerba
425 4955 521 5006 ritinrn
540 4960 742 5009 contraderent
759 4955 823 5024 tate,
843 4957 940 5024 nuntia
959 4957 990 5010 in
1004 4959 1131 5026 Epitonee
1149 4977 1252 5014 sernarc
1265 4959 1359 5027 nolim,
1380 4961 1448 5028 qnid
1466 4963 1496 5014 in
1512 4961 1713 5017 Catostensrnrs
1730 4965 1854 5032 scripturn
1937 5009 1938 5014 ,

323 5041 418 5110 stanit,
437 5044 468 5096 in
487 5043 716 5096 adnotationibus
733 5047 899 5100 moreitnrne.
