3908 5802
202 448 299 500 Senon
315 420 412 500 ¹(lauru.
433 446 464 502 G.
484 463 510 516 p.
532 448 591 512 120,
613 447 653 502 16.

88 1065 100 1115 a
145 1053 238 1116 ,liunt
265 1073 389 1138 quoquo
417 1057 450 1117 et
477 1055 579 1119 crines
602 1051 701 1136 ipsius
729 1073 796 1117 osso

107 1158 203 1224 stellas
219 1179 301 1243 qnae
315 1157 463 1224 videntur
482 1159 540 1226 sub
560 1159 660 1224 enoda
674 1159 795 1223 Leonis.

146 1373 245 1438 Habet
268 1371 392 1437 Corona
418 1372 526 1438 stellas
550 1371 643 1437 Vllll
674 1372 707 1436 in
736 1375 795 1437 cir·-

107 1481 184 1544 cuitu
205 1481 337 1563 positos,
360 1501 494 1563 querum
511 1485 577 1545 tres
600 1485 673 1544 suat
691 1479 795 1562 splen·

76 1585 191 1652 lodidae
212 1587 253 1651 acl
276 1593 373 1672 caput
396 1584 559 1672 Serpentis
582 1583 635 1626 **
658 1584 795 1653 Arcturi.

339 2387 365 2440 p.
386 2371 446 2436 120,
464 2372 507 2426 so.

143 2475 287 2542 Ceterum
328 2475 563 2561 Serpentarius,
606 2479 661 2564 qui
701 2501 796 2562 super

105 2581 299 2667 Scorpionem
312 2583 503 2650 constitutus
520 2590 569 2650 est
582 2591 693 2652 tenens
707 2591 793 2650 utru-

73 2699 158 2772 mque
191 2710 288 2755 manu
325 2695 516 2774 serpentem,
551 2692 592 2757 ab
628 2692 795 2776 astrologis

105 2797 212 2862 dicitur
234 2796 332 2862 fuisse
354 2797 532 2882 Asclepius,
555 2798 609 2883 qui
632 2800 707 2864 dum
730 2819 795 2864 mc-

104 2901 217 2968 dicinae
249 2909 320 2968 orte
351 2908 495 2970 uteretur
521 2910 662 2970 mortuos
693 2903 796 2970 fertur

104 3010 271 3076 suscitasse.
295 3029 390 3095 quum
408 3009 449 3075 ob
467 3031 534 3076 rem
552 3011 654 3076 iratus
672 3011 705 3076 in
724 3032 795 3076 eum

25 3124 26 3148 ³
103 3115 177 3181 lovis
209 3118 337 3182 domum
365 3117 431 3182 eius
458 3115 616 3206 fulminis·
630 3117 697 3183 ictu
723 3139 794 3202 per-

69 3223 205 3299 tbcussit,
241 3222 345 3308 ipsum
380 3243 454 3288 vero
487 3221 626 3308 Apollini
663 3224 795 3290 donasse

104 3333 132 3392 ct
152 3329 233 3394 inter
255 3335 344 3396 astra
365 3330 566 3396 constituisse
589 3335 727 3414 putatur.

104 4280 124 4317 ro
144 4265 268 4321 luccam
291 4269 415 4338 signavi:
439 4268 563 4340 debebat,
587 4269 634 4338 qui
658 4275 701 4324 est
723 4269 796 4326 inter

76 4351 186 4409 Arcturos
204 4357 244 4411 aet
261 4359 368 4412 Arctos.

1108 447 1238 500 Hromus
1257 446 1292 510 11,
1311 447 1336 500 5.
1550 447 1592 510 69

848 625 950 692 lucem
969 625 1098 702 venisse,
1120 626 1206 710 quod
1227 645 1338 690 aurum
1357 629 1389 688 et
1407 645 1549 708 gemmeo

850 732 882 798 in
896 731 1029 799 obscuro
1043 732 1198 818 fulgorem
1219 731 1345 796 luminis
1360 728 1548 796 efficiebant.

1174 1267 1223 1328 Ill,
1242 1266 1268 1320 4.

894 1372 1000 1438 Habet
1014 1380 1119 1439 autem
1133 1373 1241 1438 stellas
1252 1373 1344 1438 Vllll
1359 1373 1393 1437 iu
1411 1373 1548 1437 rotundo

850 1480 1034 1564 dispositos,
1061 1481 1117 1546 sed
1140 1503 1179 1546 ex
1201 1481 1251 1545 his
1274 1487 1338 1546 tres
1361 1479 1475 1546 clarius
1498 1499 1548 1546 ce·

848 1587 926 1654 teris
948 1585 1096 1654 lucentes.
1559 1593 1593 1646 10

1174 2372 1209 2434 ll,
1231 2371 1272 2425 14.

893 2479 1085 2562 Ophiuchus,
1108 2479 1165 2561 qui
1187 2478 1279 2558 apud
1300 2484 1425 2542 nostros
1447 2480 1547 2560 scrap-
1651 2475 1698 2528 VI·

849 2591 931 2650 tores
963 2585 1181 2668 Anguitenens
1218 2590 1263 2648 est
1298 2584 1414 2663 dictae,
1452 2606 1549 2668 supra
1639 2564 1702 2665 aa·

849 2691 1053 2775 Scorpionem
1067 2689 1257 2782 constitutus
1274 2697 1384 2755 tenens
1403 2691 1548 2756 munibus
1559 2657 1746 2754 ΨΜ·

849 2819 992 2882 anguem,
1010 2798 1148 2864 mediam
1164 2817 1278 2879 corpus
1295 2798 1363 2862 etas
1380 2797 1548 2878 implican-

848 2908 909 2970 tem
928 2953 1058 2968 ........
1078 2904 1254 2988 complures
1278 2904 1374 2968 etiam
1397 2906 1549 2988 astrologi

847 3012 933 3076 hune
951 3010 1174 3094 Aesculapium
1191 3010 1362 3088 finxerunt,
1384 3032 1477 3095 quem
1495 3010 1548 3075 lu·

848 3121 932 3202 piton
956 3116 1111 3200 Apollinis
1138 3137 1234 3182 cause
1259 3118 1343 3182 inter
1365 3124 1453 3182 estre
1475 3138 1549 3182 oon-

849 3223 973 3290 locavit.
1011 3223 1216 3307 Aesculapius
1248 3224 1332 3290 enim
1363 3245 1434 3289 eum
1467 3230 1594 3289 essetne

849 3332 933 3396 inter
951 3330 1093 3395 homines
1117 3335 1149 3396 et
1171 3335 1295 3394 tantum
1318 3330 1476 3396 medicina
1499 3353 1549 3395 ce·

848 3435 926 3502 teris
948 3441 1140 3520 praestaret,
1163 3441 1198 3502 at
1221 3455 1285 3500 noa
1308 3437 1389 3502 satis
1411 3437 1441 3501 ci
1463 3437 1548 3500 oide-

848 3548 937 3609 rctar
972 3542 1133 3608 bominum
1169 3541 1293 3607 dolores
1328 3541 1445 3621 levare,
1487 3541 1550 3608 nisi

848 3650 944 3714 etiam
962 3653 1103 3716 mortuos
1120 3656 1282 3714 revocaret
1300 3649 1342 3714 ad
1361 3649 1470 3727 vitum,
1492 3671 1549 3716 no-

848 3757 973 3822 vissime
991 3754 1093 3820 fertur
1116 3755 1333 3840 Hippolytum,
1352 3757 1409 3838 qai
1427 3756 1594 3839 iniqui-25

848 3866 913 3927 tata
929 3882 1080 3927 novercae
1094 3867 1123 3927 et
1136 3862 1305 3927 inscientia
1318 3863 1467 3942 pareatis
1480 3865 1550 3926 erat

848 3968 1041 4050 interfectae,
1057 3989 1193 4046 sanasse,
1211 3970 1258 4033 ite
1270 3974 1308 4033 ut
1323 3969 1550 4034 Eratosthenes

850 4076 936 4140 dicit.
959 4075 1109 4141 aoaaadi
1125 4075 1286 4142 Glaucum
1303 4075 1428 4140 Minois
1446 4076 1550 4157 filiam

885 4287 911 4326 ιε
925 4285 1042 4338 unguem
1063 4285 1088 4324 rr
1103 4269 1234 4340 astrologi
1245 4286 1296 4324 om.
1311 4269 1341 4324 V.
1388 4285 1415 4326 ro
1429 4268 1548 4324 medium
1562 4302 1591 4308 ·—

841 4356 1039 4428 implicantem
1054 4358 1167 4412 addidit
1176 4357 1308 4430 Hypiaae
1317 4372 1352 4413 aa
1361 4357 1442 4412 Arat.
1457 4374 1482 4412 v.
1497 4359 1539 4413 82.
1551 4361 1592 4414 83.

885 4463 911 4504 se
936 4462 1073 4502 novercae
1105 4462 1155 4500 om.
1187 4448 1329 4503 Barsiam'
1355 4451 1380 4500 ct
1407 4445 1500 4500 Basti
1531 4447 1595 4502 libri

848 4539 874 4592 ct
887 4535 917 4590 V.
926 4534 976 4590 ced
985 4534 1074 4591 deesse
1082 4535 1186 4606 nequit.
1223 4533 1384 4592 senonnulli
1393 4533 1528 4590 Glaucum
1540 4543 1594 4603 etc,

849 4622 884 4690 cs.
896 4623 1098 4696 Maiaruporam
1108 4622 1186 4694 apad
1195 4622 1396 4694 Apollodorum
1407 4623 1446 4678 ΠΙ
1459 4626 1499 4684 10,
1515 4626 1540 4690 3,
1552 4627 1594 4680 10.
