3940 5790
343 395 408 460 244

344 593 424 657 quae
443 572 663 639 Andromedae
687 572 826 640 fabulam
849 574 882 638 iu
909 571 995 638 caelo
1022 573 1273 667 repraesentant:
1300 569 1452 655 Cepheus,
1475 569 1643 655 Cassiepia,
1666 564 1905 640 Andromeda,

343 681 489 757 Perseus,
517 679 624 757 Cetus;
651 680 798 746 nimirum
825 682 858 746 in
884 679 935 744 his
962 677 1131 756 sideribus,
1157 678 1243 762 quod
1266 682 1314 744 est
1336 679 1543 756 rarissimum,
1570 699 1634 743 1111
1656 672 1905 760 interpretatio

344 807 442 870 eaque
466 808 482 852 e
505 785 621 854 fabulis
642 787 743 870 petita
765 787 811 852 ita
833 787 974 863 invaluit,
996 789 1032 849 ut
1054 807 1116 850 non
1139 785 1239 852 solum
1261 785 1350 852 nulla
1370 785 1434 851 alia
1456 786 1625 870 explicatio
1647 802 1804 868 unquam
1825 799 1907 863 pro-

343 893 410 960 lata
427 893 478 971 sit,
496 893 550 960 sed
570 893 666 960 etiam
685 894 790 961 sidera
802 915 865 960 non
880 893 920 959 ab
935 895 990 970 eis,
1008 913 1085 977 quas
1100 891 1286 974 deformant,
1305 891 1423 978 figuris,
1441 893 1496 959 sed
1512 913 1529 958 e
1543 889 1746 976 mythologia
1761 888 1907 954 nomina

343 1002 494 1086 ceperint.
526 1001 575 1066 vel
602 1001 676 1066 hinc
702 1001 869 1067 concludas
896 1021 966 1066 eam
990 999 1227 1084 explicationem
1249 999 1327 1072 satis
1353 1001 1483 1083 antiquo
1510 1005 1652 1084 tempore
1674 1003 1794 1064 ortam
1820 1014 1906 1068 esse,

345 1113 429 1174 certe
452 1113 526 1173 aute
547 1108 709 1191 Euripidis
732 1111 883 1185 aetatem,
910 1108 957 1172 ita
978 1113 1014 1172 ut
1035 1105 1124 1172 illum
1146 1105 1210 1171 iam
1233 1107 1349 1184 sidera,
1372 1107 1487 1190 quibus
1509 1107 1587 1173 haec
1609 1108 1744 1172 nomina
1770 1103 1907 1168 tributa

346 1222 459 1292 essent,
476 1215 598 1280 novisse
617 1214 786 1280 admodum
804 1213 968 1298 probabile
987 1215 1037 1278 sit
1060 1213 1177 1296 optime
1194 1215 1292 1297 igitur
1309 1212 1378 1279 fieri
1395 1217 1508 1299 potuit,
1526 1219 1562 1279 ut
1575 1213 1732 1289 Minerva,
1756 1229 1851 1294 quae
1869 1208 1904 1271 in

345 1321 406 1388 fine
435 1320 561 1386 tabulae
587 1321 628 1386 ab
656 1321 807 1406 Euripide
834 1321 1008 1398 inducitur,
1035 1319 1149 1385 Perseo
1176 1321 1350 1406 ceterisque
1377 1323 1590 1405 promitteret,
1618 1321 1684 1386 fore
1711 1323 1757 1383 11
1785 1337 1905 1381 eorum

345 1429 484 1494 omnium
503 1428 654 1510 irnagines
672 1428 704 1492 iu
723 1427 809 1494 caelo
828 1428 1074 1492 conlocarentur.
1093 1426 1130 1492 11.
1144 1448 1224 1511 quae
1238 1427 1305 1492 dixi
1319 1429 1352 1492 in
1365 1428 1475 1494 Diario
1489 1428 1644 1495 archaeol.
1665 1425 1758 1492 1878
1775 1447 1811 1509 p,
1830 1423 1903 1488 191.

433 1535 653 1600 Andromedae
680 1555 849 1618 eorumque
877 1555 956 1617 quae
986 1554 1055 1600 cum
1082 1533 1138 1599 illa
1165 1534 1331 1600 coniuncta
1359 1541 1434 1601 sunt
1460 1536 1597 1601 siderum
1624 1533 1749 1600 mentio
1777 1536 1904 1604 monet,

346 1653 381 1708 11
403 1663 504 1727 pauca
526 1641 565 1708 de
587 1641 725 1707 siderum
749 1647 781 1706 et
803 1642 919 1707 notitia
941 1647 974 1705 et
997 1640 1205 1724 explicatione
1227 1642 1312 1725 apud
1336 1640 1472 1707 Graecos
1495 1643 1625 1716 addam;
1647 1663 1710 1706 nou
1736 1661 1810 1723 quo
1838 1636 1902 1702 dif-

344 1748 498 1815 ficillimas
521 1768 601 1833 quae
623 1748 683 1813 hac
706 1748 796 1814 inre
818 1769 852 1813 se
875 1748 1013 1814 offerunt
1036 1748 1234 1830 quaestiones
1257 1757 1322 1812 tam
1344 1748 1433 1814 brevi
1459 1748 1674 1832 disputatione
1692 1746 1783 1812 solvi
1804 1765 1902 1829 posse

346 1854 501 1922 confidam
523 1862 578 1922 aut
599 1876 680 1920 nova
702 1876 830 1940 prorsus
852 1875 952 1938 neque
975 1853 1015 1920 ab
1038 1853 1109 1919 aliis
1127 1859 1183 1918 aut
1204 1855 1329 1939 prolata
1346 1860 1401 1920 aut
1424 1856 1520 1920 tacite
1539 1855 1699 1920 intellecta
1717 1853 1900 1919 adlaturus

347 1984 413 2028 esse
440 1962 518 2027 mihi
546 1962 667 2039 ridear,
699 1962 754 2028 sed
782 1963 867 2047 quod
894 1963 977 2027 huno
1003 1960 1119 2025 librum
1147 1960 1178 2024 in
1208 1962 1368 2028 stellarum
1396 1961 1512 2027 fabulis
1539 1963 1676 2027 maxime
1702 1967 1900 2028 versantem

346 2091 448 2152 neque
475 2091 581 2136 carere
608 2067 669 2134 1111
695 2068 918 2153 disputationis
944 2073 1035 2152 parte
1061 2089 1162 2152 neque
1185 2070 1290 2153 aptius
1313 2069 1457 2135 concludi
1478 2090 1569 2153 posse
1591 2067 1741 2136 arbitror.
1779 2069 1842 2134 sed
1867 2073 1900 2131 et

345 2176 547 2242 brevissimus
570 2197 624 2241 ero
647 2181 679 2242 et
702 2176 746 2240 eis
768 2175 903 2240 maxime
924 2179 1007 2251 riter,
1030 2195 1110 2258 quae
1127 2175 1338 2242 Buttmanuus
1362 2177 1394 2242 in
1412 2175 1600 2242 Academiae
1619 2176 1811 2242 Berolensis
1833 2175 1898 2240 dis·

347 2281 571 2348 sartationibus
597 2283 681 2348 1826
704 2303 733 2366 p.
760 2282 800 2346 19
825 2286 856 2348 et
880 2281 1010 2347 Carolus
1037 2280 1072 2346 O.
1096 2280 1248 2348 Miillerus
1275 2284 1308 2347 in
1331 2283 1565 2368 Prolegomenis
1588 2283 1628 2348 ad
1651 2282 1899 2376 Mythologiam

346 2411 376 2474 p.
402 2389 462 2454 191
489 2389 613 2475 egregie
636 2389 884 2473 disputaverunt.

436 2495 564 2562 Homeri
588 2497 687 2580 igitur
709 2502 814 2561 aetate
837 2494 915 2560 haec
938 2495 1043 2560 sidera
1064 2499 1141 2560 nota
1163 2494 1259 2560 fuisse
1277 2499 1413 2560 constet:
1435 2497 1550 2562 Ursam
1568 2497 1728 2575 maiorem,
1754 2499 1896 2572 Booten,

347 2604 504 2681 Orionem,
522 2601 649 2680 Sirium,
668 2603 804 2679 Pliadas,
826 2601 961 2685 Hyadas.
984 2587 1029 2666 2
1043 2600 1228 2667 486-489.
1257 2623 1271 2664 1
1291 2601 1474 2668 ata-275.
1503 2604 1616 2687 quibus
1635 2626 1692 2688 ego
1711 2626 1818 2690 supra
1837 2605 1894 2670 ad-

351 2709 489 2775 dendum
507 2731 575 2776 esse
593 2711 711 2776 conieci
726 2708 935 2792 Scorpionem.
959 2709 1000 2774 ad
1018 2707 1097 2774 haec
1114 2709 1179 2773 fere
1197 2708 1302 2773 sidera
1319 2714 1462 2792 spectant
1480 2730 1560 2794 quae
1579 2711 1705 2792 quidem
1719 2711 1754 2775 in
1770 2711 1895 2796 populo

347 2817 387 2880 de
410 2815 511 2880 1111111
534 2821 627 2882 natae
650 2820 725 2881 sunt
742 2814 867 2880 fabulae
885 2836 1006 2890 omnes;
1028 2815 1074 2880 ita
1091 2821 1197 2880 autem
1215 2819 1308 2880 natae
1327 2822 1409 2892 eunt,
1426 2821 1464 2881 nt
1479 2816 1617 2900 primum
1635 2819 1764 2903 singula
1783 2819 1894 2884 sidera

349 2927 454 2987 certae
467 2921 560 2986 alicui
579 2923 627 2988 rei
645 2928 910 3006 compararentur,
928 2928 996 2987 tum
1014 2921 1138 3006 singula
1157 2921 1262 2986 sidera
1279 2923 1363 2987 inter
1376 2943 1409 2988 se
1423 2920 1694 3005 coniungerentur.
1718 2925 1894 2991 11111111-

347 3029 507 3094 rissimum
538 3029 676 3094 omnium
698 3029 851 3106 siderum,
878 3029 962 3113 quod
984 3049 1041 3094 nos
1064 3029 1177 3094 Ursam
1200 3029 1350 3094 maiorem
1372 3049 1526 3109 vocamus,
1549 3029 1589 3095 ab
1614 3031 1685 3096 aliis
1708 3053 1821 3110 ursae,
1851 3030 1892 3096 ab

348 3135 419 3202 aliis
446 3135 589 3219 plaustro
616 3139 831 3218 comparatum
859 3157 940 3212 esse,
967 3134 1009 3201 ab
1036 3135 1106 3200 aliis
1130 3134 1264 3218 denique
1286 3141 1416 3219 propter
1438 3133 1558 3221 figurae
1581 3136 1734 3204 flexuram
1753 3131 1892 3224 Ἑλίκην

347 3243 543 3308 nominatum
571 3262 638 3308 esse
664 3261 757 3306 nemo
789 3243 917 3326 estqui
945 3243 1073 3308 nesciat
1105 3246 1139 3305 at
1166 3241 1219 3324 qui
1247 3241 1349 3308 Ursae
1376 3244 1614 3327 comparabant,
1646 3245 1772 3311 stellam
1802 3245 1891 3310 illam

349 3349 586 3426 lucidissimam,
622 3370 702 3433 quae
732 3349 766 3415 in
797 3349 882 3415 caelo
914 3349 1027 3415 Ursam
1060 3348 1214 3430 sequitur,
1249 3349 1341 3414 huius
1372 3348 1474 3416 Ursae
1505 3352 1667 3418 custodem
1699 3374 1769 3418 esse
1803 3352 1890 3417 arbi·

348 3455 425 3520 trati
450 3447 649 3542 Ἀρκτοῦρον
672 3463 838 3534 vocarunt,
863 3457 918 3540 qui
945 3455 1098 3540 plaustro,
1124 3475 1181 3537 pro
1209 3454 1345 3521 bubulco
1372 3455 1552 3522 habuerunt
1574 3458 1759 3542 Bootenque
1787 3459 1889 3526 nomi-

349 3568 510 3630 naverunt
546 3584 621 3628 nam
647 3563 817 3628 Arcturum
843 3563 908 3628 sive
935 3563 1056 3628 Booten
1083 3563 1166 3645 apud
1195 3562 1365 3627 Homerum
1393 3563 1629 3649 Hesiodumque
1655 3567 1782 3632 stellam
1811 3587 1888 3640 esse,

349 3671 488 3736 nondum
510 3675 613 3734 totum
636 3671 724 3736 sidus
746 3669 947 3736 manifestum
970 3675 1025 3734 est
1057 3666 1184 3733 Hesiod.
1203 3669 1260 3752 Op.
1279 3667 1344 3734 565
1368 3664 1469 3756 δήρα
1486 3663 1558 3736 τότ’
1577 3665 1681 3758 ἀστήρ
1697 3670 1711 3760 Η
1732 3666 1888 3759 Ἀρκτοῦ-

350 3799 409 3860 ρος
434 3767 613 3856 προλιπών
641 3767 733 3861 ἱερὸν
760 3771 845 3861 ῥόον
870 3767 1036 3841 Ὠκεανοῖο
1064 3778 1134 3838 κτλ.
1171 3783 1280 3860 postea
1306 3775 1431 3841 demum
1458 3797 1529 3842 cum
1555 3779 1693 3844 maxima
1716 3779 1771 3844 illa
1795 3777 1888 3846 stella

350 3882 432 3948 aliae
456 3882 564 3948 stellae
587 3883 722 3949 minores
745 3884 786 3950 ad
809 3884 893 3948 idem
916 3882 1002 3948 sidus
1024 3881 1206 3948 coniunctae
1229 3889 1315 3960 sunt,
1337 3883 1388 3948 eui
1411 3882 1520 3960 sideri,
1543 3905 1614 3950 oum
1637 3879 1887 3952 1111111111111-

351 3991 444 4056 minis
471 4009 584 4056 nomen
611 3989 758 4068 haberet,
786 3991 882 4054 etiam
910 3989 1043 4055 hominis
1071 3985 1172 4072 figura
1198 3987 1321 4054 tributa
1347 3994 1403 4056 est.
1444 3990 1590 4056 similiter
1616 3989 1733 4056 Sirium
1761 3991 1885 4058 stellam

351 4097 477 4163 Orionis
498 4095 670 4162 clarissimi
696 4096 907 4182 venatoriam)
938 4116 1047 4161 canem
1075 4115 1141 4160 esse
1172 4093 1331 4160 finxerunt
1357 4096 1521 4182 ipsumque
1547 4098 1697 4164 Orionem
1724 4101 1819 4166 modo
1847 4095 1885 4162 ab

351 4202 435 4272 Ursa
461 4204 528 4288 peti
554 4203 647 4270 modo
669 4203 797 4269 Pliadas
823 4203 970 4286 persequi
997 4202 1090 4266 modo
1112 4223 1133 4267 a
1155 4201 1325 4286 Scorpione
1348 4204 1449 4269 occidi
1470 4203 1621 4269 fecerunt
1653 4210 1759 4270 cetera
1780 4205 1886 4271 sidera

351 4329 415 4390 quo
442 4307 552 4374 ordine
578 4317 636 4376 aut
661 4311 776 4393 quibus
803 4307 996 4393 temporibus
1023 4307 1147 4392 singula
1170 4308 1299 4374 Graecis
1321 4309 1530 4386 innotuerint,
1558 4309 1744 4378 difficillima
1770 4333 1809 4378 ac
1835 4311 1884 4374 vix

352 4414 517 4480 enodanda
540 4417 683 4500 quaestio
706 4420 762 4482 est
793 4417 834 4481 de
856 4413 1022 4499 perpaucis
1045 4414 1127 4478 enim
1149 4421 1281 4481 constat.
1312 4414 1414 4480 Ursae
1436 4415 1567 4482 minoris
1585 4418 1732 4483 notitiam
1749 4414 1883 4482 Phoeni·

352 4520 441 4588 cibus
464 4521 573 4588 deberi
596 4522 720 4607 saepius
743 4521 882 4588 traditur
904 4541 1005 4605 neque
1028 4525 1077 4584 est
1099 4543 1153 4586 cur
1175 4521 1249 4586 huie
1265 4524 1433 4588 memoriae
1450 4521 1546 4588 fidem
1564 4524 1757 4610 derogemus.
1789 4524 1882 4588 immo

443 4697 524 4764 18)11
547 4705 705 4754 transcursu
727 4714 824 4754 moneo
847 4696 999 4767 Cephalum
1021 4695 1091 4750 nihil
1114 4696 1189 4753 aliud
1214 4713 1274 4753 esse
1298 4713 1377 4768 quam
1402 4697 1529 4754 Orionem
1548 4700 1685 4770 Atticum
1704 4699 1831 4756 nimirum
1853 4703 1881 4751 nt

352 4787 415 4852 ille,
439 4787 485 4842 hic
508 4804 615 4858 quoque
634 4789 670 4842 ab
689 4790 796 4843 Aurora
814 4786 934 4857 rapitur3
958 4801 992 4840 11
1011 4801 1066 4854 qua
1084 4801 1144 4840 cum
1163 4787 1350 4857 Phosphorum
1368 4787 1495 4856 genuisse
1514 4789 1635 4856 dicatur,
1657 4797 1743 4847 totam
1762 4789 1879 4846 fabulam

352 4877 381 4932 in
400 4877 543 4932 stellarum
560 4886 621 4932 ortu
640 4893 793 4946 occasuque
811 4875 863 4930 uiti
882 4873 1058 4930 manifestum
1076 4872 1115 4928 ut.
1145 4875 1265 4942 accedit,
1288 4876 1360 4944 quod
1379 4876 1501 4946 Cephalo
1519 4895 1573 4934 uon
1592 4895 1670 4935 secus
1690 4897 1772 4950 quam
1790 4873 1878 4933 Orioni

353 4966 429 5021 cauis
449 4973 491 5021 est
510 4967 679 5033 immortalis,
700 4965 835 5036 quemad
855 4963 954 5019 Sirium
974 4961 1028 5017 ism
1049 4967 1156 5018 veteres
1175 4963 1731 5035 1111111111ὴί111111111111111111111
