3908 5802
1576 457 1617 525 99

103 643 253 730 ιυοουὶ.“)
305 646 337 708 in
366 644 454 709 Arati
488 643 552 708 vita
583 644 684 708 altera
715 638 904 725 Φαινόμινα
936 642 1094 726 scripsisse
1127 641 1255 719 dieitur3
1289 642 1371 726 quod
1403 639 1618 705 testimoninm

102 772 273 835 quamquain
296 772 335 815 ex
358 753 441 817 omni
465 751 662 816 dubitatione
686 757 863 834 exemptum
886 771 947 816 non
972 757 1031 827 est,
1057 755 1163 815 tamen
1187 749 1299 814 Avieni
1322 769 1412 814 versu
1439 750 1485 812 ita
1507 745 1618 812 confir-

101 866 201 934 matur,
222 865 257 924 ut
280 860 391 924 saltem
415 881 486 925 eum
509 859 645 934 fabulas,
672 881 752 942 queo
775 860 815 924 ad
842 859 947 922 sidera
969 858 1166 941 spectabant,
1194 858 1225 921 in
1249 856 1375 939 seriptis
1397 857 1461 920 suis
1485 875 1618 920 comme-

99 987 224 1030 morasse
251 969 481 1032 conoodendum
509 970 563 1046 sit,
592 967 651 1032 etsi
677 966 746 1032 fieri
774 967 885 1050 possit,
915 972 952 1030 ut
978 989 1039 1032 non
1068 967 1145 1030 data
1171 987 1267 1048 opera
1293 964 1404 1033 sidera.
1424 960 1617 1047 explicuerit.

98 1072 222 1155 denique
248 1075 309 1140 hoc
331 1073 372 1140 ab
395 1075 450 1138 illo
473 1076 505 1139 in
528 1075 665 1140 carmine
688 1075 793 1158 aliquo
817 1075 934 1138 facturn
957 1095 1024 1138 esse
1047 1095 1103 1138 cur
1127 1074 1245 1138 Avieno
1268 1094 1330 1138 non
1353 1072 1529 1146 credamne,
1556 1089 1617 1134 non

99 1179 187 1244 rideo.
226 1181 388 1246 addendus
411 1184 508 1266 igitur
531 1188 579 1248 est
597 1181 756 1248 Sminthes
780 1203 886 1246 corum
910 1203 1049 1258 numero,
1071 1201 1204 1264 quorum
1222 1182 1362 1248 carmina
1380 1179 1412 1244 in
1432 1178 1618 1244 Gatusteris-

99 1289 150 1350 mis
172 1295 316 1371 excerpta
339 1296 437 1354 erant.

178 1393 235 1458 Sed
263 1417 358 1460 unam
387 1396 490 1462 adfert
515 1397 651 1462 Avienus
678 1397 888 1474 historiolam,
915 1419 1007 1479 quarn
1036 1397 1067 1459 in
1092 1394 1322 1460 Caiastorismis
1349 1393 1489 1458 extitisse
1516 1391 1619 1456 adhuc

98 1501 273 1581 ignoramus.
319 1508 367 1568 est
395 1525 431 1568 ea
458 1505 497 1568 de
524 1503 676 1580 Eridano,
703 1525 795 1586 quern
818 1503 1018 1570 Phaethonta
1045 1502 1175 1568 fulmine
1202 1504 1299 1568 ictum
1327 1503 1482 1585 excepisse
1510 1504 1619 1562 narrat

100 1629 120 1668 ι.
140 1607 317 1673 raa-796.
354 1631 454 1693 nequo
477 1613 560 1695 apud
581 1613 736 1696 Hyginum
760 1633 860 1694 neque
884 1613 914 1676 in
935 1611 1060 1677 scholiis
1084 1613 1115 1675 in
1134 1611 1354 1676 Germanicum
1376 1609 1458 1674 hano
1480 1606 1618 1672 fabulam

99 1715 237 1790 invenies3
263 1721 298 1780 at
326 1725 415 1784 extat
441 1719 473 1782 in
501 1719 627 1783 scholiis
655 1719 780 1784 Arateis
807 1720 846 1782 ad
875 1743 901 1782 v.
926 1719 990 1783 355
1018 1742 1046 1801 p.
1072 1719 1127 1794 83,
1156 1720 1200 1783 30
1226 1721 1282 1783 καὶ
1309 1709 1371 1802 γὰρ
1400 1709 1618 1798 ἐκεραυνώθη

100 1821 146 1901 (sc
168 1815 186 1885 d
208 1814 389 1908 Ἠριδανός)
416 1818 588 1910 μιτασχών
616 1834 678 1890 τοῦ
704 1833 871 1910 κεραυνοῦ
897 1833 959 1890 τοῦ
985 1825 1193 1902 Φαέθοντος·
1223 1825 1268 1902 εἰς
1296 1816 1400 1889 αὐτὸν
1427 1815 1489 1908 γὰρ
1517 1845 1617 1906 κατη-

100 1927 191 2016 νέχθη
216 1921 235 1994 d
263 1929 410 1996 Φαέθων
433 1925 498 1998 isui
524 1924 599 2008 Διὸς
622 1934 863 2016 καταφλεχθιὶς
887 1925 941 1996 did
964 1924 1002 1996 τὸ
1028 1932 1177 2019 ἐπιβῆναι
1202 1941 1251 2017 τῷ
1274 1940 1336 1998 τοῦ
1354 1925 1463 1996 Ἡλίου
1486 1920 1618 2012 ἅρματα

100 2035 444 2119 αολυκλαῦστουῦθ)
474 2039 508 2104 δὲ
537 2035 630 2105 εἶπεν
658 2040 737 2124 (soil.
763 2039 878 2104 Aratus
901 2063 928 2105 v.
952 2039 1031 2119 360)
1055 2031 1106 2105 ὅτι
1132 2038 1165 2104 αἱ
1183 2033 1328 2116 Ἡλιάδες
1350 2029 1441 2122 παρὰ
1464 2049 1536 2112 ταῖς
1558 2041 1620 2098 τοῦ

102 2135 258 2222 Ἠριδανοῦ
295 2139 413 2230 ὄχθαις
449 2140 647 2232 ὀδυρόμεναι
685 2139 746 2212 τὸν
783 2139 931 2228 α’διλιμόν
963 2147 1008 2224 εἰς
1045 2147 1207 2231 αἰγείρους
1237 2142 1495 2230 μετεβάλλοντο,
1532 2132 1620 2206 ὅπου

103 2242 202 2314 ieiumi>
228 2253 285 2316 καὶ
313 2244 352 2316 τὸ
381 2249 528 2338 δάκρυον
555 2248 717 2340 ἤλεκτρον
745 2269 842 2320 morel.
893 2263 988 2338 atque
1015 2277 1086 2320 curn
1110 2260 1142 2319 et
1170 2254 1321 2319 Avionurn
1349 2258 1469 2317 ceteras
1497 2249 1619 2314 fabulas

102 2379 194 2421 omnes
222 2381 259 2423 cx
287 2360 518 2424 Catasterismis
549 2360 689 2426 hausisse
717 2367 835 2426 certum
868 2363 908 2426 sit
941 2369 973 2426 et
1005 2363 1037 2425 in
1070 2361 1195 2426 scholiis
1223 2360 1347 2424 Arateis
1375 2359 1514 2424 eiusdem
1546 2356 1619 2420 libri

103 2463 264 2544 fragnrenta
286 2469 401 2549 passim
420 2475 577 2545 notarent,
595 2466 676 2533 harre
694 2491 817 2551 quoqne
836 2468 974 2533 fabulam
993 2469 1094 2533 eidem
1118 2469 1199 2532 libro
1220 2467 1360 2532 tribuere
1378 2467 1481 2531 nullus
1499 2464 1619 2528 dubito.

177 2573 347 2638 Ovidium
366 2595 499 2658 quoque,
517 2598 586 2638 eum
601 2576 711 2642 Festos
730 2577 949 2652 conscriberet,
968 2575 1207 2640 Catasterismos
1225 2580 1351 2658 praesto
1367 2572 1513 2637 habuisse
1527 2583 1618 2656 quam

102 2679 219 2743 maxime
243 2685 291 2744 est
313 2681 485 2763 probabile,
513 2705 582 2746 cum
606 2705 683 2766 quas
706 2683 759 2747 ille
781 2688 890 2747 rrarrat
913 2682 1044 2758 fabulas,
1071 2704 1127 2747 eae
1149 2687 1275 2766 praeter
1297 2683 1436 2763 quinque
1458 2699 1564 2744 omncs
1587 2678 1620 2742 in

101 2783 318 2852 Cetasterismis
345 2790 516 2854 extiterint.
562 2811 661 2874 neque
688 2797 794 2854 tamen
822 2813 860 2854 ex
886 2790 938 2853 illo
966 2811 1046 2854 nova
1069 2789 1244 2872 fragmenta
1271 2789 1339 2853 elici
1363 2792 1502 2870 possunt.
1548 2806 1619 2849 nam

100 2893 224 2976 quinque
250 2894 322 2959 illas
348 2895 529 2961 historiolae
556 2898 597 2960 ad
620 2897 859 2962 Catesterismos
886 2897 1003 2961 referre
1030 2898 1230 2974 uonausim3
1258 2901 1331 2961 sunt
1358 2916 1414 2960 eae
1442 2896 1481 2958 de
1503 2893 1620 2958 Arione

25 3021 27 3048 τ
101 2998 124 3060 ll
146 3001 193 3077 83,
215 3004 255 3067 de
279 3001 419 3067 Piscibus
438 3003 469 3067 ll
488 3004 562 3080 457,
585 3005 625 3068 de
646 3003 935 3087 Ampc10111409,
957 3005 997 3067 de
1015 3003 1110 3068 Miluo
1129 3004 1177 3068 ΙΙΙ
1197 3003 1270 3080 795,
1292 3003 1332 3066 de
1351 3001 1490 3066 Geminis
1504 2999 1531 3064 V
1546 2998 1619 3062 699.

101 3128 131 3168 cr
155 3107 202 3172 his
229 3131 311 3190 quae
334 3110 373 3174 de
396 3109 513 3174 Arione
541 3117 573 3174 et
601 3111 640 3175 de
662 3111 845 3176 Castoribus
872 3115 1042 3174 narrantur
1065 3112 1168 3177 Ovidii
1192 3115 1297 3175 aetate
1320 3131 1358 3174 ne
1381 3107 1469 3191 pueri
1494 3107 1620 3192 quidem

102 3213 290 3294 ignorabant,
318 3239 399 3300 quae
426 3218 465 3281 de
493 3217 633 3282 Piscibus
660 3225 830 3282 narrantur
856 3241 963 3283 corum
991 3219 1152 3282 simillima
1178 3225 1264 3293 sunt,
1291 3237 1371 3301 quae
1399 3237 1437 3280 ex
1465 3215 1620 3296 Diogneto

25 3405 26 3410 ἵ
101 3319 262 3404 Erythraeo
286 3323 427 3406 Hyginus
450 3324 554 3389 adfert
576 3323 608 3387 Il
632 3325 687 3395 30;
711 3326 844 3407 denique
868 3347 948 3406 quae
972 3326 1011 3389 de
1034 3324 1130 3389 Miluo
1153 3327 1247 3388 etde
1271 3324 1402 3407 Ampele
1426 3328 1542 3398 narret,
1564 3325 1621 3384 aut

102 3427 214 3494 aliunde
232 3431 329 3495 habet
348 3431 477 3496 Ovidius
496 3439 551 3495 aut
570 3432 701 3495 fortasse
720 3433 786 3514 ipse
804 3432 931 3495 invenit.
969 3431 1094 3496 omnino
1117 3432 1287 3496 tenendum
1306 3435 1353 3494 est
1370 3430 1410 3494 de
1429 3428 1540 3494 Ovidio
1559 3426 1619 3509 agi,

104 3533 159 3597 nm
179 3557 246 3600 curn
270 3558 399 3618 poeseos
422 3559 553 3620 graecae
575 3544 640 3601 tum
654 3520 842 3603 'tabidarum
866 3539 1043 3620 cognitione
1066 3539 1113 3601 vel
1138 3539 1221 3602 inter
1243 3537 1389 3620 aequales
1413 3536 1535 3620 insigni.

180 3643 419 3708 Germanicus
442 3665 564 3726 quoqne
587 3644 826 3710 Catesterismos
848 3646 961 3727 legisse
984 3645 1120 3718 videtum
1147 3665 1218 3708 nam
1242 3665 1320 3726 quas
1343 3643 1396 3707 illc
1415 3643 1540 3707 Arateis
1562 3643 1619 3706 ad-

105 3748 200 3813 miscet
222 3749 354 3826 fahulas,
379 3788 419 3798 -
443 3751 519 3814 facit
541 3757 647 3815 autem
670 3751 729 3816 hoc
752 3753 909 3816 rarissime
929 3789 969 3800 —
989 3775 1027 3816 ex
1050 3752 1094 3815 eis
1117 3755 1198 3825 sunt,
1221 3772 1298 3833 quas
1320 3751 1362 3814 ad
1381 3749 1619 3814 Catasterismos

106 3856 278 3932 rettulimus3
305 3857 363 3922 has
388 3879 494 3922 omnes
517 3858 558 3922 ad
582 3858 746 3941 Epitomen
770 3860 936 3924 adnotatas
960 3859 1106 3924 invenies,
1151 3878 1230 3922 nova
1253 3864 1359 3922 himen
1382 3856 1558 3939 fragmenta
1579 3877 1619 3919 ue

106 3979 136 4022 ex
155 3961 205 4026 illo
227 3965 353 4046 quidem
376 3965 441 4047 peti
464 3970 602 4047 possunt.
766 4023 772 4036 ‚

180 4067 280 4134 Unum
296 4069 590 4136 Gatasterismorum
605 4072 812 4154 fragmentum
828 4072 963 4137 servavit
978 4071 1146 4137 Achilles
1160 4071 1291 4136 Tatius
1305 4071 1344 4134 ed
1361 4069 1447 4134 Arai.
1463 4092 1491 4152 p.
1505 4069 1617 4133 14613:

108 4176 167 4254 ,sepi
191 4175 224 4239 di
246 4172 370 4241 rodeno
390 4179 444 4262 (de
466 4178 568 4242 lacteo
587 4178 717 4257 circulo)
741 4180 842 4264 φησὶν
861 4170 1098 4264 Ἐρατοσθένης
1117 4177 1153 4244 έν
1172 4186 1220 4263 τῷ
1240 4181 1497 4260 Καταστερισμῷ
1519 4181 1618 4259 μυθι-

109 4273 238 4362 κώταρον
268 4273 332 4346 τὸν
362 4284 522 4366 γαλαξίαν
549 4280 675 4349 κύκλον
702 4284 873 4369 γεγονέναι
905 4283 942 4348 ἐκ
969 4293 1031 4349 τοῦ
1059 4293 1115 4370 τῆς
1136 4277 1234 4370 Ἥρας
1260 4281 1435 4368 γάλακτος·
1470 4290 1530 4346 τοῦ
1557 4274 1618 4366 γὰρ

106 4374 278 4467 Ἡρακλέους
302 4385 350 4454 ἔτι
372 4388 517 4474 βρέφους
541 4383 638 4468 ὄντος
661 4393 718 4455 καὶ
739 4382 801 4456 τὸν
827 4383 954 4475 μαστὸν
982 4398 1038 4476 τῆς
1054 4383 1151 4476 Ἥρας
1179 4390 1448 4474 ἐπισπασαμένου
1472 4386 1617 4475 σφοδρό-

111 4511 190 4574 τερον
211 4493 340 4582 ἐκείνην
359 4487 560 4561 ἀντισπάσαι
582 4499 638 4561 καὶ
661 4489 769 4574 οῦταις
791 4498 1032 4583 περιχυθέντος
1050 4507 1112 4562 τοῦ
1134 4495 1299 4583 γάλακτος
1317 4493 1443 4563 κύκλον
1460 4496 1618 4582 γενέσθαι

110 4598 262 4680 παγέντος·
287 4593 327 4666 τὸ
352 4602 387 4667 δὲ
412 4595 494 4668 αὐτὸ
517 4605 573 4667 καὶ
597 4603 651 4668 ἐπὶ
674 4612 735 4669 τοῦ
750 4597 869 4688 Ἑρμοῦ
891 4604 976 4688 λέγει
999 4611 1196 4692 γεγενῆσθαι
1216 4598 1463 4690 Ἐρατοσθένης,
1487 4597 1532 4680 ὡς
1555 4597 1620 4687 ἄρα

111 4691 235 4792 ὅἘρμῆς
257 4715 319 4772 τοῦ
341 4715 469 4792 μαστοῦ
492 4716 549 4795 τῆς
560 4701 657 4796 Ἥρας
676 4706 896 4778 ἐπεσπάσατο,
935 4719 1029 4795 atquo
1048 4711 1214 4778 Herculem
1237 4711 1277 4776 ad
1301 4711 1430 4776 Iunonis
1454 4731 1621 4776 mammam

111 4860 297 4879 ἣκ-

181 4953 211 5016 ⁵⁷l
229 4957 267 5011 cf.
287 4957 379 5010 adnot.
398 4959 440 5012 39.

181 5041 211 5110 ⁶⁸)
227 5045 303 5100 Haec
318 5046 403 5100 verba
421 5045 449 5100 iu
464 5047 518 5102 MV
529 5047 657 5103 continuo
671 5056 808 5115 secuntur,
828 5065 889 5103 cum
904 5049 932 5104 in
947 5051 1114 5106 editionibus
1128 5049 1204 5104 alind
1218 5049 1352 5106 scholium
1367 5048 1560 5122 interpositum
1576 5048 1620 5102 sit.
