3920 5806
375 447 439 512 226

373 627 507 710 adparet
529 631 628 692 totam
652 627 897 712 disputationem
920 651 1015 694 unam
1032 651 1100 696 esse
1118 637 1215 714 atque
1238 653 1283 710 ea,
1301 653 1382 716 quae
1399 632 1598 700 Parmenisco
1617 633 1734 699 diserte
1751 635 1909 698 nominato

373 731 575 812 adferuntur,
601 735 698 800 verbs
725 759 796 801 cum
817 737 1080 820 praecedentibus
1103 745 1169 804 tam
1191 745 1261 805 arte
1284 740 1465 818 cohaerere,
1491 745 1528 804 ut
1550 740 1658 806 divelli
1680 747 1845 824 nequeant.
1877 747 1909 804 at

373 863 444 906 cum
469 841 588 907 Aratus
616 862 680 908 uon
706 844 908 910 mediocriter
935 862 1055 911 errasse
1084 846 1221 924 dicatur,
1248 868 1352 913 nonne
1379 849 1521 932 agnoscis
1549 849 1684 914 eundem
1708 849 1795 914 illum
1818 848 1908 912 Arati

372 949 639 1033 reprehensorem,
663 971 756 1033 quem
780 951 843 1016 iam
865 951 914 1017 bis
937 952 1221 1037 deprehendimus?
1244 975 1348 1020 nonne
1367 959 1610 1022 consentaneum
1628 962 1686 1032 est,
1708 955 1909 1022 haecomnia

373 1076 412 1121 ex
434 1056 545 1122 eodem
568 1056 719 1140 scriptore
742 1057 884 1136 fluxisse,
907 1060 948 1125 ad
971 1060 1204 1126 Parmenisoum
1227 1062 1324 1146 igitur
1346 1063 1426 1130 dues
1448 1063 1533 1141 illas,
1556 1084 1633 1148 quas
1656 1084 1754 1146 supra
1776 1063 1908 1130 indicari

374 1162 611 1247 disputationes,
629 1186 710 1248 quae
729 1171 803 1230 sunt
821 1166 860 1231 de
880 1167 1080 1234 Genieulario
1099 1167 1144 1233 VI
1163 1192 1192 1253 p.
1210 1171 1264 1246 41,
1284 1169 1441 1248 15-42,
1460 1172 1502 1236 23
1522 1178 1554 1237 et
1573 1171 1613 1236 de
1631 1171 1753 1254 Lepore
1771 1170 1907 1235 XXXIII

371 1293 401 1354 p.
423 1271 534 1348 71,19
556 1309 598 1322 -
618 1272 669 1349 72,
692 1273 739 1349 12,
762 1279 795 1337 et
817 1273 902 1357 ipsas
925 1275 1048 1340 redire?

460 1377 580 1444 Iterum
611 1379 828 1446 Parmeniscus
859 1382 1009 1447 laudatur
1039 1381 1119 1446 XIII
1144 1406 1174 1466 p.
1197 1383 1256 1460 48,
1282 1384 1417 1449 13-21
1448 1385 1487 1450 de
1520 1383 1675 1472 (laprass)
1713 1392 1746 1450 et
1778 1385 1908 1458 Haedis;

371 1485 417 1550 ita
439 1491 485 1562 ut,
508 1507 570 1569 quo
593 1487 686 1552 modo
709 1487 788 1553 haec
810 1489 915 1554 sidera
938 1489 1079 1555 fabulose
1103 1489 1297 1575 explicuerit,
1320 1513 1358 1556 ex
1380 1491 1519 1576 Hygino,
1543 1491 1619 1574 quid
1643 1492 1683 1557 de
1706 1512 1813 1558 eorum
1836 1499 1906 1557 ortu

371 1592 500 1670 dixerit,
529 1615 567 1658 ex
593 1594 696 1660 Plinio
719 1596 739 1661 l.
762 1596 781 1660 l.
805 1597 969 1662 discamus.
1001 1598 1087 1680 quod
1114 1619 1187 1663 vero
1214 1597 1247 1661 iu
1276 1598 1360 1663 calce
1388 1598 1513 1664 fabulae
1542 1600 1671 1664 additur
1699 1598 1905 1664 Cleostratum

370 1700 507 1784 primum
533 1699 660 1767 Haedos
687 1703 771 1768 inter
798 1703 904 1768 sidera
931 1704 1119 1782 ostendisse,
1151 1705 1184 1770 id
1215 1727 1339 1789 quoque
1366 1705 1476 1789 procul
1503 1706 1600 1771 dubio
1629 1728 1667 1771 ex
1695 1707 1805 1772 eodem
1830 1707 1904 1770 Par-

370 1807 507 1874 menisco
530 1806 628 1873 habet
645 1807 803 1893 Hyginum
826 1832 900 1875 nam
917 1811 999 1876 miro
1022 1812 1159 1894 quodam
1181 1811 1328 1896 felicique
1352 1834 1425 1878 casu
1447 1813 1641 1891 factumest,
1663 1819 1700 1878 ut
1722 1814 1808 1879 aliud
1830 1835 1902 1898 quo-

371 1936 432 1997 que
454 1915 646 1981 Parmenisci
673 1915 884 2000 fragmentum
911 1925 1103 1996 servaretur,
1130 1919 1164 1982 iu
1191 1940 1254 2002 quo
1281 1920 1421 1986 eiusdem
1447 1927 1560 2004 poetae
1582 1941 1645 1986 nou
1669 1921 1769 1987 solum
1792 1923 1903 1986 mentio

370 2019 421 2099 fit,
448 2023 505 2088 sed
528 2023 624 2088 etiam
646 2043 768 2100 versus,
795 2025 855 2090 soli
878 2025 925 2090 illi
947 2027 1003 2109 qui
1026 2031 1162 2090 aetatem
1184 2026 1340 2103 tulerunt,
1367 2027 1597 2093 adscribuntur.
1635 2035 1723 2094 extat
1746 2036 1850 2094 autem
1873 2029 1901 2092 in

371 2130 498 2196 scholiis
525 2133 567 2197 ad
594 2130 735 2196 Rhesum
760 2152 788 2196 v.
816 2131 895 2208 529,
922 2132 977 2197 ubi
1005 2133 1101 2198 verba
1126 2141 1247 2218 πρῶτα
1276 2131 1390 2200 δύεται
1417 2147 1532 2222 σημεῖα
1560 2135 1770 2219 explicantur:
1800 2126 1817 2200 ὁ
1845 2135 1901 2219 μὲν

371 2223 433 2302 οὖν
452 2239 683 2322 Παρμενίσκος
706 2246 826 2324 πρῶτα
850 2234 965 2324 σημεῖά
989 2257 1070 2326 φησι
1092 2240 1249 2325 λέγεσθαι
1272 2233 1331 2320 τὰς
1353 2250 1415 2307 τοῦ
1433 2244 1610 2327 Σκοριτίαο
1632 2239 1769 2329 πρώτας
1791 2245 1901 2326 μοίρας

371 2334 426 2409 διὰ
453 2336 492 2410 τὸ
521 2336 588 2410 ὑπό
616 2353 686 2410 τῶν
715 2337 862 2432 όρχαίιον
886 2337 994 2423 ούτεος
1018 2339 1120 2425 αύτόις
1142 2347 1298 2432 λέγεσθαι
1321 2351 1377 2414 καὶ
1401 2339 1453 2414 ότι
1476 2346 1612 2427 ταύταις
1636 2343 1654 2415 ὃ
1678 2345 1818 2435 Βούτης
1840 2339 1900 2432 δμα

370 2441 504 2534 ἄρχεται
527 2446 768 2519 καταδύεσθαι·
793 2449 1027 2538 Πλεόστρατον
1050 2462 1133 2539 γοῦν
1156 2447 1218 2520 τὸν
1246 2454 1398 2520 Τενέδιον
1422 2448 1613 2545 deganan)
1638 2447 1759 2534 ούτοος·

672 2588 743 2661 ἀλλ’
767 2587 898 2662 ὁπόταν
920 2597 1035 2681 τρίτον
1058 2585 1144 2683 ἦμαρ
1168 2588 1224 2662 ἐπ’
1248 2588 1444 2681 ὀγδώκοντα
1466 2598 1582 2682 μίνγγσι

670 2705 852 2789 Σκορπίος,
876 2701 921 2780 είς
944 2695 1007 2769 lisa
1029 2705 1145 2769 πίπτει
1169 2695 1223 2788 ἅμ’
1246 2697 1303 2789 ἠοῖ
1323 2704 1557 2791 φαινομένηφι.
1676 2701 1682 2714 ’

369 2849 471 2910 τοῦτο
496 2843 532 2909 δὲ
554 2845 754 2929 παραδείξας
778 2837 796 2910 ό
821 2846 1050 2931 Παρμενίσκος
1074 2837 1127 2912 ότι
1150 2842 1350 2912 καταδύεται
1372 2853 1442 2914 κτλ.
1486 2849 1559 2913 hinc
1581 2849 1680 2931 igitur
1702 2847 1792 2912 iHum
1814 2847 1896 2913 Cleo·

369 2949 462 3014 strati
489 2973 615 3016 carmen
641 2952 754 3036 legisse
781 2954 923 3036 adparet.
955 2954 1162 3019 certissimum
1189 2960 1296 3020 autem
1318 2960 1367 3021 est
1389 2955 1580 3020 Parmenioni
1602 2954 1813 3038 fragmentum
1834 2975 1897 3038 per·
1940 2999 1941 3002 κ

369 3058 470 3124 liuere
492 3079 590 3142 usque
613 3059 654 3124 ad
678 3059 774 3124 verba
797 3050 918 3126 λοιπόν
947 3047 1009 3125 οὖν
1032 3069 1091 3148 τῆς
1114 3065 1264 3148 (μαλακῆς
1287 3053 1305 3128 ό
1330 3057 1457 3148 καιρός
1481 3058 1657 3147 ,,ἔγρεσδε,
1680 3063 1713 3126 τί
1735 3062 1895 3147 μέλλετε“.·

368 3184 406 3230 ac
433 3164 482 3230 vel
512 3166 677 3249 sequeutia
710 3161 903 3252 iasdaopov
936 3166 972 3232 δὲ
998 3160 1060 3255 τὴν
1087 3164 1249 3249 Πλειάδα,
1281 3159 1334 3236 ότι
1363 3167 1398 3250 ἐξ
1425 3160 1508 3234 ἑπτα
1537 3161 1688 3254 α’στίροον
1717 3165 1893 3254 σύγκεινται

369 3267 403 3335 αἱ
430 3267 602 3352 Πλειάδες·
635 3263 733 3349 όετός
765 3273 800 3338 δὲ
828 3265 847 3341 ὁ
875 3264 914 3339 τό
943 3264 1031 3362 ἧπαρ
1063 3282 1127 3341 τοῦ
1154 3276 1362 3362 Προμηθέως
1395 3275 1537 3358 ἐσθίων,
1570 3267 1616 3355 δίς
1643 3278 1725 3360 φασί
1752 3301 1838 3354 τινες
1862 3295 1893 3340 ex

367 3377 567 3446 Parmenisco
591 3381 748 3464 descripta
771 3401 838 3447 esse
861 3382 1030 3448 admodum
1053 3383 1179 3448 videtur
1200 3383 1277 3448 mihi
1300 3384 1367 3449 veri
1389 3383 1498 3449 simile.

457 3484 519 3550 Sed
546 3493 715 3573 antequam
744 3488 868 3573 longius
894 3491 1146 3574 progrediamur,
1179 3492 1322 3574 egregius
1350 3492 1478 3575 quidam
1505 3492 1619 3558 Hilleri
1646 3492 1818 3558 doctissimi
1844 3488 1892 3553 riri

368 3612 456 3658 error
488 3592 696 3660 confutandus
728 3602 783 3662 est.
838 3597 893 3662 ille
926 3597 1007 3662 euim
1040 3598 1214 3684 (Eratosth.
1246 3599 1300 3664 rel.
1333 3621 1362 3682 p.
1394 3597 1452 3682 75)
1488 3600 1564 3677 duc,
1601 3620 1681 3683 quae
1713 3597 1891 3665 Parmenisci

366 3700 492 3766 nomine
518 3700 559 3766 ab
587 3701 710 3786 Hygino
738 3703 939 3780 adferuntur,
967 3705 1145 3788 fragmenta
1171 3727 1211 3769 ex
1238 3707 1461 3770 commentario
1488 3704 1668 3784 Homerico,
1696 3727 1789 3788 quem
1814 3705 1893 3769 illum

367 3808 528 3892 scripsisse
556 3808 617 3874 sibi
644 3807 747 3894 fingit,
775 3809 901 3876 fluxisse
929 3814 1055 3887 statuit3
1085 3817 1254 3896 utrumque
1281 3814 1364 3879 euim
1391 3812 1494 3878 Iocum
1521 3835 1590 3878 cum
1618 3812 1749 3879 Homeri
1772 3833 1893 3879 comme-

365 3917 541 3981 moratione
566 3921 635 3982 arte
662 3918 829 3983 cohaerere
856 3909 957 4002 putat.
1008 3919 1042 3984 id
1069 3922 1153 4002 quod
1182 3921 1209 3984 si
1236 3942 1298 3986 nou
1325 3942 1454 4004 prorsus
1482 3920 1573 3999 salse,
1600 3927 1635 3986 at
1662 3922 1775 3986 saltem
1802 3921 1893 3984 miuus

366 4028 511 4088 accurate
536 4024 655 4088 dictum
678 4029 733 4090 est.
765 4046 839 4088 nam
862 4027 977 4108 prioris
999 4026 1222 4110 disputationis
1241 4048 1362 4092 summa
1380 4048 1442 4092 nou
1461 4028 1493 4093 in
1513 4049 1549 4094 eo
1568 4034 1719 4106 vereatur,
1742 4032 1779 4093 ut
1796 4047 1892 4092 sersus

365 4129 549 4197 Homericus
568 4130 751 4215 explicetur,
770 4132 824 4197 sed
842 4139 879 4196 ut
896 4133 998 4199 Ursae
1016 4134 1145 4198 maioris
1163 4134 1228 4199 sive
1246 4133 1385 4200 Plaustri
1404 4135 1675 4202 denominationes
1693 4141 1891 4220 exponentem

365 4238 466 4304 altera
493 4244 598 4304 autem
625 4239 722 4304 rerba
749 4227 879 4306 Homeri
906 4261 981 4306 saue
1008 4241 1262 4308 commemoratio
1288 4243 1465 4325 praecedit3
1495 4244 1550 4308 sed
1579 4265 1617 4308 ea
1643 4265 1713 4309 cum
1741 4245 1804 4310 aha
1828 4264 1890 4308 nar·

364 4347 488 4411 ratione
511 4347 667 4423 cohaeret,
690 4368 770 4431 quae
794 4353 826 4413 et
848 4349 976 4414 aliunde
998 4349 1100 4432 petita
1123 4356 1171 4414 est
1194 4355 1227 4414 et
1250 4371 1343 4434 quam
1365 4351 1500 4416 maxime
1518 4350 1710 4417 Parmenisoi
1728 4350 1890 4417 sententiae

364 4459 527 4537 repugnat.
558 4453 641 4520 adde
669 4455 752 4536 quod
785 4459 887 4521 totum
919 4455 995 4520 illud
1024 4456 1215 4522 Parmenisoi
1243 4455 1454 4541 fragmentum
1486 4458 1525 4522 de
1553 4457 1672 4524 Haedis
1703 4459 1783 4542 agit,
1814 4458 1890 4523 cuius

455 4687 487 4752 11)
505 4684 679 4740 Parmenisco
703 4685 737 4740 de
757 4687 846 4756 Capra
869 4703 930 4740 cum
949 4687 1087 4742 Nicandro
1112 4687 1258 4742 convenire
1282 4685 1398 4742 videtur.
1427 4688 1461 4742 cf.
1481 4689 1565 4744 schol.
1585 4692 1662 4745 strat.
1683 4693 1732 4746 161
1758 4682 1887 4757 (Nicandri

279 4825 283 4832 .
363 4772 460 4842 fragm.
481 4776 533 4830 114
552 4775 712 4844 Schneider)
731 4771 782 4844 τὴν
801 4773 831 4830 δὲ
851 4769 918 4846 αἶγα
939 4777 1097 4846 Νίκανδρος
1117 4771 1285 4844 ίίμαλδείαν
1303 4778 1351 4832 καί
1371 4771 1436 4842 Διὸς
1454 4774 1579 4850 τρόμον,
1598 4780 1638 4834 ita
1657 4778 1730 4834 euim
1748 4779 1809 4834 MV.

454 4863 488 4933 ¹²)
506 4865 571 4920 Post
589 4860 708 4936 ἀρχαῖον
727 4864 884 4921 MeInekius
903 4865 983 4920 Anal.
1004 4866 1069 4921 crit.
1089 4866 1123 4921 ud
1143 4868 1318 4922 Athenaeum
1340 4884 1367 4937 p.
1379 4869 1430 4922 122
1454 4869 1555 4924 addere
1579 4869 1638 4924 vult
1661 4863 1779 4937 ποιητὴν
1796 4863 1881 4936 λέγειν.

363 4951 590 5010 Wilamouitzius
612 4953 684 5010 nihil
707 4955 783 5010 allud
808 4971 889 5024 quam
912 4948 982 5009 ὄντα
1010 4955 1146 5011 excidisse
1175 4957 1337 5026 arbitratum
1361 4955 1478 5014 fortasse
1501 4964 1585 5014 recte.
1623 4965 1698 5013 certe
1721 4955 1880 5013 nullomodo

363 5041 519 5099 Diudortius
539 5043 692 5100 audiendus
711 5051 760 5111 est,
780 5043 828 5113 qui
847 5039 965 5116 ἀρχαῖον
982 5044 1012 5098 in
1030 5039 1208 5118 ἀστρολόγον
1227 5045 1327 5101 mutari
1346 5045 1431 5101 iubet.
