3908 5802
253 614 298 668 ΙΙ.

357 437 399 502 56
578 437 717 490 Eumene.
1020 437 1120 489 Senon.
1140 438 1229 489 Aean.

448 606 541 702 Αὕτη
560 608 685 703 iecisti]
703 607 804 700 μικρὰ
818 618 948 680 καλου-’
1057 612 1195 667 omittunt.

212 695 335 861 ’,ῗίῗίἕέ
401 721 495 807 γένη·
521 718 780 808 προσηγορεύθη
808 721 844 786 δὲ
872 712 940 786 ὑπὸ

401 834 472 892 τῶν
496 830 665 894 πλείστων
692 830 844 914 Φοινίκη·
878 827 940 893 ἐτι-

401 931 494 1020 μήθη
518 934 554 1000 δὲ
577 927 645 1000 ὑπὸ
668 943 727 1020 τῆς
747 927 939 1019 Ἀρτέμιδος.

376 1032 637 1124 στίγανακτοῦσα
665 1041 701 1106 δὲ
730 1031 783 1106 ὅτι
811 1034 829 1106 ὁ
858 1033 941 1119 Ζεὺς

403 1138 508 1232 αὐτὴν
559 1143 728 1232 ἔφθειρεν,
777 1141 941 1234 ἠγρίωσεν

403 1245 520 1340 αὐτήν·
543 1244 685 1339 ὕστερον
701 1252 736 1318 δὲ
751 1251 941 1339 ἐγνωσμένη

402 1359 531 1444 λέγεται
555 1355 658 1440 δόξαν
681 1352 765 1444 αὐτῇ
792 1367 940 1446 περιθεῖ-

402 1489 458 1531 ναι
482 1458 679 1532 ἄντιθεῐσαν
707 1463 824 1552 ἕτερον
848 1466 941 1532 εἴδω-

358 1583 392 1637 10
402 1576 464 1637 λον
496 1571 533 1637 ἐν
565 1585 636 1650 τοῖς
673 1565 821 1658 ἄστροις,
854 1563 941 1639 ὥστε

403 1670 518 1755 δισσὰς
537 1674 622 1761 ἔχειν
641 1674 745 1762 τιμάς.

451 1777 691 1871 Ἀγλαοσθένης
728 1785 764 1850 δὲ
803 1784 840 1850 ἐν
871 1800 942 1864 τοῖς

402 1896 562 1971 Ναξικοῑς
589 1892 669 1978 φησὶ
696 1884 826 1976 τροφὸν
852 1892 941 1976 γενέ-

403 2003 485 2063 σθαι
517 2004 579 2062 τοῦ
605 1989 682 2074 Διὸς
708 1994 942 2084 Κυνόσουραν,

359 2113 393 2167 15
403 2099 488 2168 εἶναι
525 2103 561 2168 δὲ
596 2104 675 2187 μίαν
710 2111 782 2169 τῶν
814 2097 941 2170 Ἰδαίων

402 2214 557 2293 νυμφῶνΙ
589 2201 647 2291 ἀφ’
675 2200 713 2296 ἧς
746 2209 783 2275 ἐν’
812 2209 874 2295 μὲν
901 2218 941 2294 τῇ

402 2310 500 2382 πόλει
531 2322 572 2398 τῇ
608 2315 798 2400 καλουμένη
825 2308 942 2394 Ἱστοῐς

402 2415 553 2506 τοῦνομα
593 2429 695 2487 τοῦτο
737 2409 790 2508 ἦν,
829 2412 872 2509 ἣν
909 2420 942 2488 oi

402 2529 480 2614 περὶ
515 2522 750 2614 Νικόστρατον
792 2524 938 2594 ἔκτισαν’

358 2636 460 2700 2οκαὶ
487 2625 549 2699 τὸν
576 2631 614 2698 ἐν
642 2626 726 2718 αὐτῇ
759 2635 794 2700 δὲ
825 2633 942 2720 λιμένα

403 2742 460 2806 καὶ
483 2733 545 2806 τόν
565 2732 618 2806 ἐπ’
636 2732 729 2826 αὐτῷ
749 2737 857 2808 τόπον
876 2745 940 2808 Κυ-

403 2842 574 2932 νόσουραν
592 2852 768 2935 κληθῆναι.

395 3097 428 3151 ΙΙ.
449 3095 641 3150 Tusmuouu:
660 3112 734 3150 1-—11
754 3095 840 3151 Arcti
856 3099 941 3152 inter·

358 3201 421 3254 pres
436 3184 541 3239 latinus
555 3184 603 3254 (cs.
613 3183 813 3253 Proiepomerso
822 3203 853 3254 p.
863 3189 913 3254 24)
924 3205 943 3239 ο

357 3273 503 3344 Breysipio
526 3273 669 3328 corrictus:
695 3273 829 3329 honorata
856 3282 899 3330 est
925 3292 943 3330 a

359 3361 450 3416 Diana
486 3368 600 3430 propter
640 3361 799 3432 praedictas
839 3362 941 3418 ruinae.

359 3449 488 3519 ignorans
508 3451 581 3520 (iepit
594 3445 741 3520 ἀγνοοῦσα
755 3467 810 3519 pro
825 3454 942 3522 γνοῦσα)

359 3538 441 3604 enIm,
452 3537 524 3618 quod
533 3538 641 3608 Iupiter
651 3555 711 3595 eam
722 3539 860 3606 violasset,
874 3537 943 3595 fecit

360 3643 420 3682 eam
444 3633 595 3696 agrestem,
618 3635 716 3697 postea
734 3645 798 3684 vero
820 3627 942 3684 sentiens

359 3715 462 3770 dicitur
484 3715 600 3785 gloriam
624 3717 650 3772 ci
673 3732 860 3787 superponere
883 3717 942 3771 sdi-

360 3803 436 3858 ciens
463 3803 505 3857 illi
531 3803 607 3858 aliud
631 3803 738 3874 signum
762 3805 835 3860 inter
858 3812 942 3872 estre,

360 3897 390 3945 ut
409 3891 534 3961 duplices
553 3892 657 3948 habeat
674 3893 799 3950 honores.

395 3997 469 4035 1—11
484 3982 614 4036 namatio
624 3983 707 4036 nimie
717 3983 865 4038 demerim
878 3989 904 4038 et
917 3999 1000 4038 ιιιιιιι
1008 3997 1102 4051 poene
1113 3996 1208 4046 cassem

359 4085 454 4136 ncurpc
480 4069 622 4124 intercidit
647 4071 770 4126 Iunonie
796 4087 909 4142 nomm,
941 4070 1082 4126 intercidit
1112 4068 1208 4123 mortis

361 4157 492 4212 Callistus
509 4161 655 4226 αατναίίος
676 4161 829 4230 pecuinam
846 4161 967 4227 sormam
986 4159 1049 4229 iepit
1066 4157 1207 4227 Hypseos,

359 4247 543 4314 depravatam
579 4253 605 4302 ct
636 4247 810 4303 &curiatam
844 4249 1005 4304 Germanici
1039 4249 1207 4316 interpretes.

358 4351 372 4391 ε
403 4331 606 4404 ἀγανακτοῦσα
637 4337 750 4406 scripsi.-
782 4341 889 4409 γνοῦσα
921 4337 998 4404 tetre
1034 4337 1068 4391 de
1096 4335 1209 4390 Ιιιιιοιιι

359 4423 464 4478 ἀίοισα
486 4431 559 4493 crat,
583 4441 661 4479 πνοι
684 4424 718 4479 de
735 4425 837 4480 Diona
855 4427 1028 4496 inteitcpitrcr.
1065 4442 1078 4482 ι
1102 4421 1207 4495 ἐγνωσ-

358 4510 430 4580 μένη
443 4512 556 4582 scripsi:
574 4511 743 4584 σεσωσμένη
762 4514 832 4569 latri.
852 4511 1206 4584 σεοωφρονισμὲνηΒοτιι-

359 4600 492 4670 harnyes.
529 4618 555 4658 se
579 4597 611 4656 ἐν
628 4600 682 4670 μὲν
700 4606 734 4672 τῇ
757 4597 837 4657 πόλει
862 4605 921 4656 κτλ.
946 4603 988 4656 ito
1010 4602 1093 4656 verba
1114 4603 1208 4672 tepisse

359 4689 470 4744 νίσονται
489 4689 651 4745 Germanici
672 4693 806 4760 interpres
827 4691 867 4756 G,·
888 4691 937 4746 sed
959 4707 994 4746 ee
1015 4691 1095 4746 ochoi.
1116 4691 1206 4745 Germ.

359 4777 414 4830 BP
433 4779 588 4846 scripserim
608 4775 639 4834 ἐν
659 4774 772 4850 Κρήτης
790 4774 879 4834 πόλει.
916 4779 1061 4850 Ηηηίαιιυι
1085 4775 1133 4833 ἐπί
1154 4777 1208 4846 μὲν

359 4869 393 4934 τῇ
416 4860 498 4920 πόλει
521 4865 614 4936 leprose
636 4867 837 4936 idoneiorem
860 4884 915 4922 cese
936 4869 1097 4936 suspicatur
1120 4867 1207 4922 Ψιλο-

359 4954 518 5009 mwiteius.
555 4972 580 5010 ιι
600 4951 677 5028 αὐτῷ
696 4956 929 5012 Wiiamocoitrius.
954 4953 1024 5026 αὐτῇ
1043 4956 1113 5026 iibri,
1134 4957 1209 5026 ηαοιί

360 5043 423 5112 ίιρίι
441 5043 583 5116 Hymnus,
603 5061 696 5098 ocrem
715 5045 794 5099 schol.
816 5045 906 5101 Germ.
925 5046 985 5101 BP.

1389 435 1489 488 Scuou.
1509 433 1601 487 Genu.
1622 433 1673 486 BP.
1693 449 1719 501 p.
1735 433 1780 495 59,
1800 433 1825 486 5.

1357 611 1441 678 Ursa
1450 612 1552 676 minor
1565 633 1585 676 a
1598 609 1742 695 pluribus
1751 609 1854 676 Phoe-

1313 719 1383 784 nice
1395 723 1540 792 voeatur;
1554 739 1592 782 ex
1602 718 1712 782 eadem
1721 717 1855 792 ratione,

1313 845 1376 908 qua
1384 825 1537 907 superior,
1546 824 1641 890 astris
1650 824 1751 889 inlata
1759 823 1855 888 bene-

1313 931 1384 997 ficio
1394 932 1524 996 Dianae.
1538 933 1628 1014 prius
1636 932 1722 1014 quod
1732 931 1856 1014 iupiter

1313 1059 1383 1102 eam
1392 1037 1583 1115 infamasset,
1595 1038 1755 1112 efferasse;
1768 1037 1879 1119 quode

1198 1159 1202 1166 '
1313 1145 1441 1228 cognita
1466 1145 1645 1210 miseratam
1668 1143 1856 1209 immortali·

1313 1255 1380 1316 tate
1399 1252 1532 1318 donasse
1551 1256 1583 1317 et
1600 1253 1696 1318 aliam
1711 1251 1855 1334 posuisse

1312 1378 1428 1434 ursam
1441 1362 1479 1422 ut
1492 1363 1596 1425 essent
1609 1360 1672 1424 duo
1681 1359 1750 1424 eius
1759 1357 1857 1423 bene·

1313 1461 1393 1529 ficia.

1359 1783 1587 1866 Agiaosthenes
1608 1790 1714 1850 autem
1738 1787 1771 1848 iu
1790 1786 1858 1851 Na·

1313 1889 1411 1954 xiaois
1421 1890 1615 1974 Cynosuram
1625 1892 1702 1956 dicit
1711 1892 1798 1958 Iovis
1808 1893 1858 1956 iu-

1313 1998 1376 2062 isse
1396 1996 1551 2062 nutricem
1573 2020 1668 2063 uuam
1691 2021 1731 2064 ex
1749 1998 1859 2065 Idaeis

1314 2103 1469 2188 nymphis,
1490 2125 1511 2168 a
1528 2125 1593 2188 qua
1614 2106 1647 2170 in
1666 2104 1781 2172 Cretae
1801 2129 1859 2190 op-
1869 2118 1897 2169 15

1313 2209 1389 2293 pido
1413 2209 1511 2288 Istoc,
1542 2213 1627 2294 quod
1655 2211 1859 2278 Nicostratus
1940 2221 1941 2224 ’

1314 2317 1498 2401 composuit,
1507 2323 1632 2402 portum
1642 2324 1675 2384 et
1688 2319 1774 2384 circa
1782 2341 1859 2384 eum

1314 2421 1417 2488 locum
1438 2422 1630 2508 Cynosuram
1652 2425 1859 2508 adpellatam,

1314 2527 1393 2594 haee
1402 2529 1563 2614 Cynosura
1577 2530 1638 2595 iuit
1651 2552 1722 2596 cum
1730 2531 1859 2598 Telchi-

1314 2636 1373 2712 uis,
1387 2637 1604 2741 quindicmrtur
1613 2637 1744 2705 Curetes
1754 2638 1857 2706 Idaei
1867 2650 1897 2703 ιθ

1349 3116 1363 3154 ι
1381 3099 1453 3167 qnod
1468 3099 1502 3152 B.
1523 3115 1604 3168 quem
1620 3099 1652 3152 P.
1671 3099 1778 3169 Iupiter
1793 3101 1862 3156 add.
1877 3120 1896 3156 ε.

1314 3189 1418 3256 equod
1438 3186 1560 3256 cognita:
1580 3193 1633 3242 out
1650 3206 1703 3258 quo
1718 3189 1830 3258 cognito
1851 3195 1897 3244 σαί

1314 3282 1411 3345 postea
1434 3276 1570 3346 cognitam
1593 3276 1774 3332 sonandum.
1813 3296 1827 3335 s
1850 3278 1896 3333 mi·

1314 3372 1407 3419 serata
1426 3363 1496 3418 tetri.
1515 3380 1584 3419 corr.
1603 3369 1630 3436 β.
1658 3382 1670 3422 ι
1688 3371 1752 3434 post
1770 3367 1895 3423 donasse:

1315 3452 1487 3508 submutasse
1506 3453 1582 3521 idai·
1606 3453 1692 3508 ιίιίιυι·
1708 3455 1843 3524 μίοιιιιαο
1863 3455 1897 3508 od

1315 3542 1446 3598 efferasse
1465 3543 1614 3611 adpiotmrt.
1643 3543 1810 3600 sbeueficio
1830 3546 1895 3600 libri.

1315 3647 1384 3686 corr.
1402 3635 1428 3702 β.
1456 3637 1548 3700 apost
1567 3631 1714 3686 beneficia:
1734 3633 1803 3686 duas
1823 3651 1895 3688 ursas

1314 3719 1415 3775 iecisse
1435 3721 1504 3774 iibri.
1525 3719 1575 3773 det.
1592 3737 1613 3774 ε.
1647 3737 1673 3786 rs
1691 3726 1784 3775 autem
1803 3721 1896 3791 inquid
1946 3773 1947 3776 ,

1315 3807 1385 3862 tritri.
1405 3823 1474 3863 corr.
1489 3811 1515 3878 β.
1545 3825 1571 3864 ιο
1589 3809 1661 3876 quod
1679 3812 1705 3878 β.
1726 3825 1807 3878 quam
1827 3809 1894 3863 iibri.
1946 3809 1947 3834 ί

1315 3913 1340 3952 ιι
1351 3904 1457 3965 portum
1468 3900 1494 3966 β.
1518 3897 1692 3966 portustibri.
1721 3915 1747 3954 ιο
1757 3897 1895 3951 Telchiuis

1315 3985 1499 4054 Kiessiirrpius
1517 4003 1551 4040 ex
1573 3985 1713 4040 Urbinate.
1750 3985 1895 4040 Telchines

1314 4073 1375 4128 BP.
1404 4074 1439 4141 cs.
1459 4073 1561 4128 Strabo
1581 4075 1606 4128 X
1626 4091 1657 4142 p.
1676 4075 1737 4130 466.
1765 4077 1822 4128 τῶν
1844 4073 1895 4141 μὲν
1949 4105 1950 4112 ³

1314 4157 1380 4226 τοὺς
1403 4157 1505 4227 αὐτοὺς
1528 4169 1587 4227 τοῖς
1607 4163 1735 4234 Κουρῆσι
1757 4158 1821 4224 τοῦς
1842 4163 1893 4216 Κο-

1315 4247 1455 4323 ρύβαντας
1473 4253 1522 4305 καί
1543 4251 1701 4323 Καβείρους
1719 4253 1768 4306 καὶ
1784 4246 1894 4313 Ἰδαίους

1315 4335 1476 4404 Δακτύλους
1498 4341 1547 4394 καὶ
1571 4341 1702 4410 Τελχῖνας
1724 4335 1894 4408 ἀποφαινόν-

1313 4448 1378 4485 των.
