3906 5800
120 498 217 554 Senon
239 499 332 553 Grau.
353 497 384 554 G.

176 678 320 731 orttittnnt.

931 497 1062 554 fisenus
1081 496 1115 563 ΙΙ,
1135 497 1158 552 t.
1533 493 1571 559 81

517 699 599 760 qnos
633 677 750 744 Graeci
782 671 937 766 ιῖλήτιδας
969 681 1144 742 continent.
1184 682 1348 760 praeterea
1380 673 1532 738 Canicula

517 787 660 852 exoriens
682 791 771 852 aestu
795 786 928 852 Ceorum
951 787 1020 852 loca
1042 791 1074 851 ut
1097 806 1190 868 agros
1219 782 1373 848 fructibus
1396 779 1532 847 orbabat

518 899 549 959 et
570 895 653 978 ipsos
671 895 781 961 morbo
795 895 934 961 adfectos
948 915 1065 978 poenas
1079 893 1169 958 Icaro
1189 891 1382 957 cumdolore
1401 887 1532 954 sufferre

517 999 658 1084 cogebat,
673 1005 757 1086 quod
771 1003 910 1068 latrones
924 1003 1123 1086 recepissent.
1142 1021 1276 1083 quorum
1290 1021 1345 1064 rex
1361 996 1533 1070 Aristaeus,

519 1110 673 1194 Apollinis
683 1109 857 1195 etCyrenes
868 1107 960 1186 filius,
970 1109 1140 1174 Actaeonis
1146 1111 1250 1189 puter,
1261 1105 1559 1190 petiitaparente‚5

518 1239 579 1301 qno
593 1217 676 1283 facto
691 1218 870 1283 calamitate
885 1215 1044 1282 civitatem
1060 1221 1166 1300 posset
1180 1213 1329 1284 liberare;
1348 1233 1442 1294 quom
1457 1210 1533 1275 dens

518 1323 606 1390 iubet
633 1325 741 1390 multis
767 1325 879 1390 hostiis
907 1325 1034 1408 expiare
1059 1323 1138 1390 Icari
1171 1325 1304 1386 mortem
1332 1325 1365 1384 et
1392 1317 1432 1382 ab
1461 1318 1533 1381 Iove

517 1437 638 1518 petere,
671 1439 706 1497 nt
738 1455 800 1515 quo
829 1439 972 1515 ternpore
1000 1428 1152 1496 Canicula
1179 1429 1355 1492 exoriretur
1382 1425 1449 1490 (lies
1477 1423 1533 1488 XL

518 1547 644 1605 ventum
664 1540 755 1605 daret
773 1541 827 1622 qui
846 1539 946 1605 aestui
967 1537 1139 1603 Caniculae
1154 1535 1342 1600 mederetur.
1365 1533 1450 1616 quod
1468 1533 1532 1595 ius-

431 1699 435 1713 .
519 1670 587 1713 sum
608 1647 770 1712 Aristaeus
788 1645 923 1712 coniecit
942 1652 974 1711 et
993 1645 1033 1710 ab
1052 1644 1125 1710 Iove
1145 1643 1341 1726 impetravit,
1365 1645 1400 1704 ut
1418 1640 1533 1704 etesiae
1547 1647 1578 1700 10

170 2214 195 2266 p.
218 2195 277 2260 124,
298 2197 339 2250 19.

53 2297 80 2350 15
122 2285 464 2352 Habetstellasindox-

89 2395 267 2478 traquitlem
274 2399 464 2478 munuquat-

90 2509 170 2579 tuor,
194 2523 275 2586 qnae
299 2523 360 2565 non
385 2499 465 2566 occi-

90 2611 175 2685 dunt,
193 2609 227 2672 iu
241 2609 345 2692 caprite
363 2608 466 2690 splen·

90 2717 194 2780 didam
217 2737 326 2792 unam,
349 2714 381 2777 in
403 2715 465 2778 sin-

53 2823 168 2905 ingnlis
183 2823 299 2887 umeris
318 2821 466 2904 singulae,

91 2931 121 2992 in
136 2926 467 3004 marnilla***unam,

91 3036 123 3100 in
185 3036 296 3102 dextro
359 3034 466 3100 cubito

90 3149 252 3226 quattuor,
279 3145 312 3208 in
339 3141 466 3208 sinistro

91 3271 196 3326 uriam,
214 3251 248 3315 in
267 3249 399 3332 siugulis
418 3269 470 3332 ge·

57 3356 185 3423 renibus
208 3358 357 3442 singulas.
398 3362 472 3421 sunt

93 3485 195 3530 omnes
214 3452 319 3530 XIIII.

86 3639 108 3676 n
127 3623 258 3679 lacunam
275 3625 400 3695 siquam
422 3639 467 3677 ec-

54 3709 129 3764 cidit:
143 3721 257 3784 utraque
271 3713 402 3784 singulus,
418 3714 468 3768 sub

55 3800 168 3858 mamilla
214 3805 255 3858 ccl
296 3805 350 3858 tale
392 3803 468 3872 quid.

55 3905 78 3942 a
96 3898 230 3956 quattuor:
255 3895 286 3947 ia
305 3893 426 3962 exenrplo
446 3895 468 3946 Α

55 3978 83 4028 in
113 3979 130 4030 t
155 3981 266 4036 σὺνὶτσν.
301 3981 329 4036 in
357 3981 469 4037 sinistro

54 4081 142 4121 nuent
189 4071 292 4126 ανατία
336 4071 470 4141 ertpinem

56 4171 109 4207 νον
124 4161 262 4228 perspicio
304 4175 374 4218 snut
393 4162 469 4230 geni·

56 4241 114 4296 bns:
132 4245 240 4304 ἀτὺαὺατ
258 4250 383 4319 pedibus.
417 4272 422 4282 ·

519 1753 641 1820 flarent.
670 1775 747 1837 quas
771 1753 914 1820 nonnulli
937 1752 1050 1818 etesias
1073 1751 1233 1826 dixerunt,
1257 1749 1340 1832 quod
1366 1745 1533 1830 quotannis

520 1867 605 1927 certo
629 1867 769 1945 tempore
792 1861 977 1927 exoriuntur
1001 1852 1169 1944 [ἐνιαυτός
1193 1858 1274 1920 enim
1296 1877 1406 1938 praece
1430 1873 1535 1917 arturus

520 1975 563 2034 est
587 1967 714 2056 lotinek
737 1968 880 2032 nonnulli
904 1968 998 2032 etiarn
1022 1965 1157 2032 aetesiae
1178 1963 1428 2048 adpellavernnt,
1451 1961 1554 2043 quod·

520 2077 737 2160 expostulatae
756 2076 819 2142 sint
838 2075 878 2140 ab
899 2075 970 2140 Iove
990 2079 1022 2140 et
1041 2075 1085 2138 ita
1103 2093 1276 2138 concessae.

1001 2200 1051 2264 11,
1070 2201 1095 2254 3.

563 2290 669 2356 Habet
696 2297 803 2356 autem
826 2291 857 2354 in
882 2310 976 2354 mann
1001 2200 1113 2353 deintra
1135 2286 1241 2352 stellas
1265 2289 1428 2369 quattuor,
1456 2291 1582 2366 quue15

520 2421 678 2482 nunquam
710 2397 852 2462 occidere
885 2398 1047 2473 (licuntur,
1080 2395 1112 2459 in
1144 2393 1246 2478 capite
1279 2391 1402 2458 stellam
1434 2411 1538 2466 unam,

520 2507 552 2572 in
576 2512 709 2588 utroque
733 2525 839 2570 nmero
859 2503 1008 2587 singulas,
1031 2503 1062 2567 in
1082 2509 1216 2585 utraque
1235 2521 1371 2564 mamma
1389 2497 1538 2582 singulas,

520 2613 576 2680 sed
594 2613 759 2678 clariorem
782 2611 938 2687 dextram,
962 2616 994 2675 et
1017 2609 1076 2675 sub
1095 2630 1133 2674 ea
1151 2609 1284 2674 dieram
1302 2605 1482 2680 obscuram,
1506 2609 1539 2668 et

521 2721 552 2783 in
576 2719 683 2784 cubito
707 2720 820 2785 dextro
848 2719 964 2783 claram
987 2739 1089 2780 unam.
1136 2716 1172 2780 in
1198 2735 1281 2780 aona
1305 2735 1399 2778 unam
1422 2711 1538 2778 clarius

521 2827 633 2892 ceteris
663 2827 832 2891 lucentem:
867 2824 946 2890 haec
978 2823 1071 2890 stella
1099 2823 1251 2888 Arcturus
1279 2819 1472 2905 adpellatur,
1504 2817 1535 2882 in
1548 2827 1583 2879 20

520 2934 663 3018 utrisque
681 2932 814 3019 pedibus
833 2932 980 3016 singulas.
1017 2953 1099 3014 quae
1118 2929 1243 2995 omnino
1262 2933 1336 2994 sunt
1354 2927 1457 2994 XIIII.

559 3627 743 3684 1nominant:
769 3633 866 3680 vocant
889 3626 919 3680 V.
997 3642 1009 3678 a
1033 3624 1160 3680 Oeorum:
1190 3639 1283 3677 eorum
1308 3622 1377 3675 libri.
1403 3638 1473 3676 corr.
1499 3621 1586 3674 Mun·

523 3719 625 3773 eteros.
712 3733 725 3771 s
753 3715 825 3771 dics:
854 3715 950 3770 diebus
980 3713 1014 3768 R.
1101 3731 1114 3768 o
1142 3711 1232 3766 aestui
1260 3711 1323 3766 RV.
1351 3719 1458 3766 aestum
1487 3709 1587 3764 ΜΒΙ).

524 3825 547 3862 n
569 3806 683 3861 etesias:
707 3804 870 3859 heniauetas
895 3803 929 3856 R.
950 3801 1088 3857 eniausias
1107 3802 1124 3854 i.
1145 3817 1165 3854 e.
1187 3797 1330 3864 ἐνιαυσίας
1349 3799 1519 3854 Bursiunos.
1558 3805 1589 3852 at

524 3896 644 3963 adparet
666 3911 725 3948 naon
749 3893 783 3947 de
806 3894 862 3947 ulio
886 3892 996 3946 nomine
1020 3892 1080 3959 api,
1104 3889 1152 3944 secl
1169 3889 1289 3943 desdam
1307 3889 1427 3943 nonanis
1452 3888 1527 3957 qood
1550 3895 1589 3942 est

524 3981 632 4052 ἐτησίαι
657 3983 713 4037 duo
738 3981 847 4048 adferri
869 3987 970 4051 etymo,
995 3981 1127 4034 nimirum
1150 3974 1206 4032 α’ττὸ
1230 3981 1281 4032 τοῦ
1306 3971 1385 4041 ἔτους
1408 3984 1434 4032 et
1457 3972 1514 4032 ἀπὸ
1538 3981 1589 4031 τοῦ

524 4071 622 4129 αἰτεῖν.
677 4072 711 4138 os.
739 4072 820 4126 schel.
848 4070 931 4125 Arnt.
963 4087 986 4123 n.
1011 4071 1078 4134 152,
1106 4087 1134 4137 p.
1166 4071 1213 4134 65,
1241 4071 1280 4122 27
1312 4061 1525 4136 ὠνομάσθησαν
1559 4063 1588 4120 δὲ

524 4151 613 4226 οὕτως
637 4153 654 4230 ἢ
677 4150 719 4215 ὅτι
740 4157 801 4214 κατ’
823 4154 885 4224 ἔτος
909 4156 1026 4213 πνέουσι
1045 4165 1106 4222 ταῖς
1124 4164 1241 4220 τακταῖς
1259 4151 1354 4211 αὐτῶν
1373 4149 1491 4226 ἡμέραις
1510 4151 1589 4225 παρὰ

524 4246 556 4304 τὸ
582 4245 656 4314 ἔτος,
686 4242 704 4318 ’l
726 4267 752 4304 κ.
777 4267 800 4303 τ.
825 4252 848 4302 λ.
874 4249 968 4318 itaque
998 4247 1115 4302 editores
1142 4264 1167 4301 ra
1192 4263 1247 4314 pro
1275 4239 1402 4309 ἐνιαυτός
1434 4243 1589 4312 (henIeutos

528 4339 557 4394 V.
578 4339 739 4395 heutauetos
764 4338 823 4407 alis')
848 4338 1021 4406 seripserunt
1045 4329 1123 4400 ἔτος,·
1147 4352 1195 4405 epe
1218 4335 1298 4389 verba
1322 4335 1517 4404 interpolatori
1539 4335 1588 4386 tri-

526 4429 607 4482 buere
633 4429 741 4490 malim,
770 4427 934 4496 praesertim
962 4441 1025 4479 σανα
1048 4425 1148 4494 paullo
1172 4430 1237 4493 post
1264 4441 1298 4478 ne
1327 4423 1365 4477 ad
1393 4421 1592 4491 eapostulon-di

526 4517 636 4585 puidam
658 4517 766 4571 rabum
783 4516 914 4586 Hypnus
931 4531 1063 4585 pruscam
1082 4511 1172 4568 αἰτεῖν
1190 4513 1384 4583 erumpente
1399 4518 1497 4582 postea
1516 4513 1592 4566 aliua

525 4607 707 4674 interpolator
734 4605 785 4659 troc
812 4606 870 4659 leco
890 4621 944 4673 pro
973 4603 1074 4659 alesine
1097 4603 1206 4672 scripsit
1229 4603 1391 4658 heniauctas
1411 4602 1592 4670 praeclaram

526 4713 568 4749 nte
590 4694 699 4749 Ῑιστσνῑα
726 4693 844 4760 fumum
868 4709 902 4746 ae
925 4693 978 4746 tuli
999 4693 1107 4746 homine
1131 4691 1329 4760 dipausimom.
1367 4695 1485 4745 ceteram
1512 4689 1591 4745 utillo

526 4784 606 4837 niodo
626 4781 782 4837 diiudicari
795 4787 894 4852 potest,
914 4799 982 4835 uir-m
1000 4781 1067 4835 leaeo
1086 4781 1250 4835 uot'omnia
1270 4785 1322 4834 aut
1339 4797 1470 4849 mappam
1481 4786 1592 4849 partem

526 4889 559 4926 eu
579 4872 781 4927 Octauiorum
799 4877 910 4939 utntpto
928 4871 992 4926 sint.
1075 4888 1100 4927 rs
1120 4868 1252 4924 aetesiae:
1273 4867 1413 4924 aethestan
1433 4867 1466 4922 n.
1487 4867 1592 4923 ethsias

531 4961 561 5016 V.
582 4960 703 5016 ethesius
724 4961 789 5028 alii;
810 4977 901 5014 unum
916 4960 1027 5028 pomus
1045 4959 1114 5014 uidit
1133 4959 1311 5013 Stuuerenua.

95 5059 117 5098 u
134 5046 235 5104 dextre:
255 5049 369 5107 siuistra
388 5050 458 5122 lutri,
478 5067 547 5106 corr.
567 5050 700 5104 Bantius.
764 5067 791 5106 ιν
810 5050 838 5102 iu
858 5064 926 5104 aona
940 5063 974 5102 ex
988 5049 1069 5103 Atat.
1089 5065 1113 5102 ν.
1126 5051 1217 5102 9495
1232 5041 1286 5102 ἐπὸ
1301 5041 1393 5116 ζώνην
1412 5045 1442 5100 δέ
1463 5043 1489 5101 ol
1509 5039 1593 5110 uinis

85 5125 109 5194 ἐξ
125 5127 211 5192 ἄλλων
228 5134 387 5210 ’ρκτσῦρος
406 5133 550 5195 ἑλίσσεται
569 5133 703 5207 ἀμφαδὸν
722 5131 820 5209 ἆστὴρ.

1365 5225 1382 5280 6
