3920 5806
248 461 347 520 Senon,
368 457 463 516 Grau.
482 459 514 515 G.
533 477 559 530 p.
580 457 640 524 180,
660 457 701 514 15.
1144 453 1273 511 Hwnws
1292 455 1326 518 ῙῙ,
1346 455 1388 512 40·
1575 453 1636 521 189

187 642 252 722 Qui
273 663 383 708 oorvns
401 641 471 706 ideo
490 639 659 704 secundm
678 635 843 722 gentilium
941 635 1290 721 HydrainquaOorvus
1299 637 1437 702 insidere
1447 636 1595 702 otCrater
1683 639 1762 693 XLI

142 750 357 816 deliramenta
377 749 461 812 inter
483 752 571 811 aetra
593 745 701 810 sedem
718 764 845 826 promo·
898 743 1017 828 positus
1036 744 1246 817 existimatum
1266 745 1304 808 ds
1323 765 1386 829 qua
1403 745 1484 810 hano
1497 743 1596 810 habe-
1664 731 1775 802 Hydra.

140 858 248 924 ruisse
272 856 400 932 dieitur,
432 854 517 937 quod
549 852 646 916 suerit
680 851 712 914 in
744 849 846 915 tutela
898 872 967 916 mus
985 853 1137 916 memoria
1151 852 1311 935 preditam
1329 873 1463 918 eausam.
1487 873 1596 918 corvus

140 963 305 1048 Apollinis
332 967 365 1027 et
392 962 433 1027 ab
458 981 495 1026 eo
518 960 631 1025 missus
654 959 695 1023 ad
718 956 846 1032 fontem,
900 958 1055 1042 Apollinis
1086 957 1187 1024 tutela
1216 981 1300 1025 usus.
1336 981 1373 1025 oo
1402 959 1597 1026 sacrificante

113 1079 179 1136 eut
209 1070 272 1136 diis
299 1070 340 1136 ad
368 1069 531 1134 libandum
558 1086 672 1148 aquam
700 1063 848 1140 deferret,
900 1067 1013 1132 missus
1036 1087 1056 1130 a
1078 1065 1164 1131 fonte
1191 1087 1305 1150 aquam
1328 1088 1440 1151 puram
1461 1069 1597 1152 petitum
1624 1077 1641 1130 5

142 1177 279 1244 ficorum
308 1175 447 1258 ingluvie
479 1180 590 1257 eaptus
621 1171 848 1256 aliquantisper
901 1175 982 1240 vidit
1004 1173 1133 1239 arbores
1157 1175 1331 1258 eomplures
1350 1173 1479 1240 ficorum
1498 1177 1597 1239 iruna

143 1285 274 1351 illarum
320 1282 425 1348 esibus
473 1281 598 1346 inhians
638 1283 849 1344 commoratus
901 1288 1003 1357 turas;
1031 1303 1083 1346 eas
1106 1287 1289 1365 exspectans
1311 1283 1386 1346 dum
1408 1289 1598 1348 maturasce-

11 1461 12 1470 χ
143 1412 265 1475 aquarn
287 1388 412 1456 deferre
435 1387 594 1454 distulerit
616 1393 648 1451 et
666 1392 777 1470 postea
794 1386 850 1450 ds-
902 1395 982 1466 rent,
999 1388 1033 1453 in
1047 1390 1160 1454 arbore
1174 1389 1311 1471 quadam
1326 1410 1433 1454 aarum
1448 1391 1598 1456 consedit

10 1485 12 1580 l
144 1498 348 1582 prehendens
388 1519 422 1563 se
464 1495 526 1560 diis
566 1514 710 1577 peooasse
746 1493 849 1559 denuo
904 1499 1010 1580 itaque
1041 1501 1114 1580 post
1149 1497 1271 1580 aliquot
1302 1498 1368 1562 dies
1404 1498 1501 1562 oootis
1532 1497 1599 1562 ficis

10 1587 12 1678 l
102 1607 189 1672 lead
209 1605 339 1682 sontem,
361 1611 398 1668 ut
415 1623 528 1687 aquam
546 1601 698 1678 hauriret,
721 1599 852 1665 redierit
905 1609 974 1668 eta
996 1624 1088 1668 corvo
1107 1603 1320 1686 compluribus
1339 1625 1446 1668 earum
1460 1603 1599 1680 comesis,
1610 1612 1644 1665 10

145 1719 181 1776 et
219 1710 261 1776 ab
297 1710 400 1794 hydra
432 1709 603 1775 exterritus
633 1727 689 1772 vas
719 1727 851 1772 vaenum
903 1709 986 1749 ***
1009 1715 1192 1794 exspectans
1220 1708 1334 1794 Apollo
1366 1699 1601 1776 conum‘vidit

147 1819 364 1904 reportaverit
391 1823 424 1882 et
449 1823 487 1882 ut
513 1835 627 1898 aquam
651 1835 687 1879 eo
710 1819 851 1896 tempore
904 1839 973 1882 oum
998 1824 1119 1882 cratere
1145 1817 1240 1901 pleno
1263 1817 1368 1884 volare
1391 1819 1600 1884 festinantem.

147 1947 216 1990 non
239 1923 344 2002 hibat,
366 1924 407 1989 nh
431 1925 541 1988 eodem
564 1921 709 2005 Apolline
732 1920 850 1986 inhibi·
903 1947 962 2008 pro
994 1945 1056 2008 quo
1088 1925 1225 1990 admisso
1257 1925 1324 1990 sius
1356 1926 1485 2003 dicitur,
1517 1926 1602 2008 quod

9 1984 12 2162 l
149 2041 220 2098 tum
245 2033 273 2097 ei
296 2031 393 2096 suerit
416 2030 495 2095 ***.
906 2034 961 2100 diu
979 2039 1118 2098 moratus
1136 2034 1178 2098 sit
1196 2033 1384 2116 Apollinem,
1403 2035 1604 2117 personatus

905 2163 997 2206 mora
1023 2140 1108 2204 corni
1135 2140 1205 2205 alia
1233 2161 1321 2222 aqna
1348 2145 1393 2205 est
1419 2161 1510 2220 usas,
1543 2141 1604 2206 hae
1613 2149 1647 2202 15

660 2253 664 2262 '
907 2249 1080 2332 ignominia
1106 2269 1175 2312 eum
1201 2247 1366 2326 adfecisse,
1394 2255 1429 2313 ut
1452 2247 1604 2333 quamdiu

907 2355 957 2419 fici
993 2359 1215 2438 coquerentur,
1251 2377 1361 2420 corvus
1394 2355 1504 2421 hibere
1540 2377 1604 2421 non

906 2464 1019 2546 possit,
1046 2463 1116 2528 ideo
1145 2463 1230 2544 qnod
1256 2466 1368 2546 patiar
1394 2461 1507 2528 habeat
1529 2483 1604 2544 per·

907 2573 1013 2633 tusum
1033 2569 1101 2634 illie
1129 2569 1244 2634 debus.
1279 2569 1387 2653 itaque
1415 2592 1485 2634 eum
1511 2570 1606 2634 vellet

909 2675 1085 2761 significare
1103 2677 1189 2741 sitim
1203 2678 1297 2754 oorvi,
1316 2679 1399 2742 inter
1412 2678 1517 2742 sidera
1531 2697 1604 2742 oon·
1614 2685 1650 2739 20

909 2782 1014 2847 stituit
1050 2789 1173 2849 cratera
1205 2789 1237 2849 et
1268 2785 1432 2868 supposuit
1463 2785 1606 2868 hydram,

800 2888 805 2898 '
909 2911 990 2974 qnae
1018 2913 1144 2956 eorsum
1167 2892 1325 2958 sitientem
1349 2897 1534 2957 moraretur.
1561 2892 1606 2955 vi-

910 2999 1003 3064 detur
1026 2999 1109 3063 enim
1132 3006 1235 3065 rostro
1259 3000 1392 3065 caudam
1414 2999 1481 3064 eius
1504 3004 1606 3064 extre·

909 3127 993 3172 mam
1020 3105 1199 3184 verberare,
1230 3113 1267 3172 ut
1297 3109 1426 3172 taudem
1458 3107 1542 3172 sinat
1574 3127 1607 3171 se

910 3215 951 3278 ad
975 3219 1098 3279 cratera
1120 3213 1262 3279 transire.
1617 3221 1653 3276 25

7 3833 8 3840 ,
153 3779 178 3816 ¹¹
205 3761 241 3816 “b
269 3761 357 3832 hydra
385 3759 534 3814 ⁰¹l0ffll¹¹⁸
562 3774 609 3814 ΨΜ
639 3774 766 3814 lacuum
794 3756 861 3812 '⁵⁰⁶0
948 3765 1112 3826 anemoria
1129 3765 1234 3823 omn,-
1253 3767 1400 3824 memoriae
1416 3767 1474 3824 alii.
1511 3765 1654 3825 salente

118 3852 251 3920 matlsslff
272 3851 330 3919 l'1³⁸⁶
352 3849 404 3904 ³⁸55
421 3850 516 3918 Μὶν
540 3864 604 3902 Μ
624 3847 762 3916 Ellam
779 3848 861 3902 verba
915 3858 1013 3913 MPR:
1033 3858 1189 3914 odientem
1209 3857 1267 3912 De
1286 3857 1344 3913 elii.
1404 3863 1655 3915 maturescerent

119 3957 177 3992 ’ΝΜ
196 3940 369 4010 intenderet·
914 3949 950 4004 R.
969 3954 1185 4004 maturescerent
1197 3947 1263 4002 De.
1300 3965 1325 4004 rr
1341 3947 1462 4004 lammae
1478 3951 1589 4019 mam
1603 3963 1655 4016 po·

915 4041 975 4107 sni5
997 4038 1099 4094 assidit
1121 4037 1227 4108 hydrae
1245 4039 1359 4108 mentio,
1382 4053 1456 4106 quae
1478 4037 1657 4093 nullomodo

917 4129 1006 4183 deesse
1020 4133 1117 4196 potest.
1141 4134 1258 4182 ceterum
1276 4129 1367 4182 macto
1386 4146 1425 4182 aa
1442 4128 1524 4182 verba
1542 4143 1656 4196 sequen·

916 4219 958 4271 tia
981 4223 1145 4287 exspectans
1164 4249 1197 4258 —
1221 4217 1399 4273 festinantem
1427 4216 1466 4270 ad
1493 4215 1658 4286 esplendnm

917 4308 1050 4362 lacunam
1060 4307 1095 4361 ab
1104 4307 1301 4375 interpolatore
1311 4306 1412 4362 addela
1422 4308 1485 4362 sint.
1537 4305 1657 4375 rsApol·

917 4397 1001 4452 linem
1012 4396 1071 4451 PR.
1087 4396 1187 4465 Apollo
1197 4395 1263 4451 Do.
1283 4403 1348 4450 ante
1356 4396 1527 4466 Apollinem:
1546 4401 1659 4449 motum

918 4487 952 4542 R.
980 4492 1082 4542 motum
1110 4487 1278 4542 Bassianus.
1316 4486 1363 4542 sed
1394 4484 1585 4556 dittopraphia
1612 4489 1658 4538 est.

918 4593 944 4634 rs
968 4582 1033 4630 mete
1060 4577 1112 4630 hac
1140 4575 1304 4645 ignominia:
1333 4575 1404 4631 unde
1428 4573 1468 4646 R,
1497 4571 1572 4642 qnod
1595 4572 1659 4627 inde

919 4683 974 4721 esse
1001 4665 1157 4720 arbitratur
1183 4665 1360 4733 Bursianua·
1390 4665 1439 4719 sed
1469 4669 1540 4718 reete
1571 4666 1661 4717 monet

924 4754 1153 4810 Wilamowitaius
1184 4755 1274 4810 undas
1309 4770 1376 4824 esse,
1414 4753 1489 4822 qnod
1521 4752 1560 4807 od
1588 4766 1662 4820 aqua

919 4847 1010 4900 neseio
1030 4845 1091 4911 qne
1109 4845 1140 4898 in
1158 4845 1283 4915 mareiae
1301 4844 1456 4913 adempsit.
1498 4841 1584 4912 igitur
1598 4847 1662 4909 post

920 4933 972 4990 hac
993 4933 1028 4989 D.
1127 4951 1153 4990 ss
1172 4935 1282 4990 tandem
1301 4935 1414 5002 scripsi:
1432 4938 1571 5002 tamquam
1591 4929 1660 4984 libri.

921 5041 947 5080 eo
965 5033 1074 5078 oratore
1092 5025 1205 5092 scripsi:
1223 5031 1358 5078 crateram
1372 5021 1449 5076 'libri
