3920 5806
365 480 429 546 228

364 663 504 736 noverat,
526 678 590 724 non
608 655 802 723 mirabimur.
826 657 910 721 idem
932 657 966 720 in
985 656 1193 740 Hermippum
1216 657 1327 722 cadere
1351 660 1384 721 et
1401 676 1457 740 par
1475 625 1690 738 adprobabile
1709 658 1764 720 est
1783 656 1818 718 at
1837 672 1908 718 con·

364 764 522 843 firmatur,
549 764 576 831 si
603 764 732 849 quidem
764 783 860 847 supra
890 767 977 828 recte
1008 765 1105 830 statui
1137 763 1195 841 eis,
1223 783 1302 848 quae
1324 762 1438 829 ultima
1464 767 1537 828 sunt
1565 765 1598 827 et
1624 761 1741 846 capitis
1769 759 1855 826 sexti
1881 765 1911 824 et

364 871 556 938 Parmenisci
583 871 767 956 fragmenti,
793 870 897 936 verbis
926 870 987 936 olii
1010 868 1196 936 Homahea
1222 872 1258 936 riu
1284 874 1387 936 moute
1413 867 1557 935 Caucaso
1578 869 1717 934 vindam
1742 867 1910 951 Hermippi

366 979 606 1064 explicationem
629 979 796 1054 contineri;
820 977 870 1044 oui
892 978 1068 1044 sententiae
1085 979 1191 1044 nescio
1209 999 1251 1044 an
1269 1000 1352 1044 nunc
1369 998 1484 1044 norum
1502 975 1728 1042 adminiculum
1748 974 1828 1040 inde
1847 974 1910 1058 peti

365 1088 475 1170 possit,
498 1087 582 1172 quod
600 1085 792 1152 Parmenisci
815 1085 983 1170 fragmenti
1005 1085 1039 1150 in
1062 1085 1188 1152 scholiis
1210 1086 1252 1151 ad
1271 1083 1409 1152 Rhesum
1427 1085 1448 1151 l.
1467 1107 1492 1151 a
1515 1083 1631 1150 servati
1649 1081 1751 1150 rerba
1770 1087 1912 1148 extrema

367 1185 464 1272 ἀετὸς
493 1193 530 1258 δὲ
557 1184 575 1260 ὃ
600 1185 639 1259 τὸ
667 1181 757 1280 ἧπαρ
784 1199 847 1258 τοῦ
869 1192 1079 1280 Προμηθέως
1106 1191 1234 1260 ἐσθίων
1261 1183 1308 1270 ὥς
1334 1194 1417 1276 φασί
1438 1213 1527 1270 τινες
1553 1212 1623 1258 eam
1646 1191 1787 1277 Aquilae
1816 1191 1911 1255 iuter-

364 1302 576 1384 pretatiouem
607 1301 762 1378 referunt,
796 1321 890 1384 quam
922 1301 963 1366 ab
990 1300 1163 1386 Hermippo
1194 1299 1368 1384 profectam
1400 1323 1468 1368 esse
1494 1321 1590 1385 supra
1617 1301 1765 1366 evincere
1794 1297 1911 1363 studui.

364 1407 474 1490 itaque
497 1407 705 1491 Hermippum
731 1429 855 1492 quoque
878 1428 898 1472 a
920 1408 1133 1486 Parmenisco‚
1160 1429 1254 1492 quem
1280 1409 1415 1474 maxime
1438 1409 1479 1474 ad
1501 1413 1612 1494 poetas
1639 1406 1824 1491 respexisse
1851 1405 1909 1471 iam

363 1515 480 1592 monui,
503 1514 682 1580 adhibitum
704 1537 771 1581 esse
793 1535 857 1580 non
880 1515 948 1580 sine
969 1514 1196 1598 probabilitate
1219 1520 1360 1582 statuere
1381 1515 1461 1582 mihi
1483 1517 1599 1583 videor.

453 1623 540 1702 Quae
564 1643 634 1688 cum
657 1624 704 1688 ita
726 1624 799 1701 sint,
821 1623 928 1688 omnia
950 1644 987 1688 ea
1010 1644 1090 1706 quae
1108 1645 1205 1707 supra
1222 1623 1401 1689 enumeravi
1419 1623 1586 1708 Hermippi
1604 1621 1908 1708 Hegesianactisque

365 1729 544 1814 fragmenta
565 1729 725 1815 Hyginum
747 1729 833 1814 apud
854 1730 1089 1796 Parmeniscum
1116 1731 1291 1816 repperisse
1314 1730 1460 1796 arbitror.
1492 1732 1576 1797 idem
1598 1731 1685 1798 cadit
1707 1731 1743 1795 in
1767 1730 1908 1804 alteram,

364 1858 459 1923 quam
491 1859 530 1902 ex
560 1835 701 1904 Araetho
732 1837 854 1920 profert
885 1835 1038 1914 fabulam,
1071 1859 1150 1922 quae
1183 1843 1231 1903 est
1262 1838 1302 1903 de
1329 1837 1413 1905 Ursa
1440 1837 1559 1904 maiore
1587 1837 1603 1901 1
1632 1836 1786 1904 18-20.
1824 1836 1905 1900 Ana-

364 1945 501 2011 creontis
524 1966 648 2029 quoque
670 1966 796 2010 versum
818 1967 847 2028 p.
870 1945 924 2023 42,
943 1946 962 2010 8
986 1966 1025 2010 ex
1052 1947 1162 2011 eodem
1189 1949 1318 2011 auctore
1344 1946 1536 2029 descriptum
1563 1964 1632 2012 esse
1653 1966 1693 2010 ex
1714 1945 1905 2030 praeceden-

363 2052 450 2119 tibus
471 2053 557 2118 ultro
586 2053 697 2118 elucet.
733 2051 812 2116 haec
838 2052 916 2117 satis
943 2053 1037 2118 certis
1065 2052 1189 2117 indiciis
1212 2051 1455 2142 deprehendisse
1481 2053 1559 2118 mihi
1580 2052 1691 2118 videor
1713 2051 1903 2118 Parmenisei

365 2157 555 2242 fragmenta3
587 2159 683 2224 etiam
714 2158 779 2223 alia
806 2160 908 2223 inesse
935 2156 1099 2242 probabile
1126 2164 1188 2237 est,
1220 2181 1409 2245 quamquam
1436 2159 1648 2225 demonstrari
1674 2161 1800 2244 nequit.
1834 2155 1903 2222 mihi

365 2267 491 2352 quidem
504 2265 635 2332 dubium
644 2287 707 2330 non
723 2269 780 2343 est,
794 2265 869 2348 quin
885 2285 941 2330 eae
955 2285 1079 2350 quoque
1089 2265 1246 2350 Ophiuchi
1261 2267 1488 2351 explicationes
1497 2267 1571 2334 XIV
1581 2289 1610 2352 p.
1622 2267 1673 2344 15,
1686 2266 1726 2331 15
1738 2307 1785 2316 —
1795 2265 1849 2340 51,
1860 2263 1904 2336 13,

366 2395 446 2458 quae
469 2372 708 2456 Hegesianaotis
731 2373 946 2438 narrationem
969 2394 1008 2438 ex
1030 2373 1230 2440 Parmenisco
1255 2380 1287 2439 et
1310 2375 1410 2458 ipsam
1432 2377 1565 2460 petitam
1589 2373 1767 2459 excipiunt,
1796 2373 1902 2438 Erato

365 2479 508 2546 sthenioa
530 2487 635 2546 autem
657 2479 857 2556 antecedunt,
880 2480 920 2544 ad
944 2480 1178 2547 Parmeniscum
1201 2480 1385 2546 referendae
1408 2483 1479 2548 sint

453 2587 504 2652 Ad
528 2607 581 2654 eos
603 2605 701 2672 pergo
724 2587 902 2670 scriptores,
924 2587 1063 2670 quinon
1086 2589 1126 2653 de
1149 2586 1306 2653 sideribus
1330 2589 1462 2674 egerint,
1484 2589 1541 2655 sed
1559 2587 1683 2656 fabulas
1701 2587 1901 2672 conlegerint

366 2717 405 2761 ex
431 2695 483 2760 his
509 2697 537 2760 si
564 2714 642 2778 quos
668 2694 710 2759 ab
736 2694 806 2777 ipso
833 2693 958 2778 Hygino
985 2694 1083 2760 lectos
1111 2717 1179 2761 esse
1207 2697 1349 2761 evincere
1371 2697 1579 2779 potuerimus,
1605 2717 1669 2762 non
1693 2694 1900 2780 spernendum

367 2801 613 2867 emolumentum
634 2801 708 2866 inde
732 2801 889 2866 redundat
875 2806 981 2866 turum
1005 2823 1072 2867 esse
1094 2803 1229 2886 adparet
1251 2803 1290 2866 ad
1316 2824 1382 2880 eos,
1410 2804 1492 2868 unde
1516 2803 1694 2868 fabularum
1717 2803 1803 2869 liber
1826 2821 1899 2867 conr·

365 2909 484 2992 pilatus
506 2912 568 2986 est,
541 2908 729 2974 tfontes
719 2929 807 2975 mres
808 2909 963 2994 tigandos.
996 2915 1091 2994 atque
1115 2911 1142 2976 si
1165 2909 1275 2975 Catast
1261 2909 1461 2975 terismorum
1483 2909 1662 2995 fragmenta
1683 2910 1795 2994 paullo
1818 2927 1898 2974 accu-

366 3018 467 3082 ratius
499 3015 739 3094 examinaveris,
775 3016 938 3100 intelleges
969 3017 1130 3102 Hyginum
1161 3017 1286 3100 saepius
1322 3017 1402 3083 ahos
1434 3023 1579 3084 auctores
1611 3019 1653 3084 ad
1684 3013 1952 3084 Eratosthenis

366 3128 476 3189 narrat
477 3125 563 3190 iones
587 3123 787 3207 complendas
810 3129 866 3190 aut
888 3125 1091 3208 corrigendas
1114 3123 1308 3200 adhibuisse3
1331 3125 1416 3190 idem
1435 3147 1506 3192 eum
1524 3127 1557 3190 in
1575 3126 1777 3192 Parmenisco
1797 3123 1896 3190 fecisse

367 3235 610 3296 consentaneum
632 3236 689 3309 est,
712 3251 900 3316 quamquam
922 3231 1017 3298 hodie
1041 3232 1119 3298 haec
1136 3232 1332 3298 additament
1319 3238 1354 3297 ta
1372 3232 1509 3298 discerni
1525 3239 1694 3318 nequeunt.
1727 3253 1782 3298 eos
1800 3237 1895 3298 autem

367 3339 544 3422 scriptores,
569 3360 702 3423 quorum
724 3339 821 3404 rerba
844 3338 987 3423 Hyginus
1005 3339 1255 3404 Eratosthenicis
1279 3341 1441 3418 immiscet,
1464 3340 1566 3424 ipsum
1589 3340 1734 3406 menibus
1757 3337 1895 3405 habuisse

366 3443 436 3528 quis
464 3450 512 3509 est
539 3447 594 3529 qui
616 3448 730 3531 neget?
768 3443 961 3511 confidenter
984 3447 1082 3530 igitur
1103 3446 1274 3530 pronuntio
1296 3445 1354 3514 hos
1377 3445 1419 3512 ab
1441 3447 1567 3533 Hygino
1588 3448 1687 3514 lectos
1710 3467 1779 3514 esse
1806 3447 1895 3511 histo

365 3552 485 3617 marum
508 3554 691 3637 scriptores,
714 3552 991 3637 Asclepiadem,
1014 3553 1164 3632 Istrum,
1186 3554 1443 3620 Euhemerum.

455 3657 701 3743 Asclepiades
733 3661 827 3726 semel
858 3665 984 3726 tantum
1011 3667 1272 3728 commemoratur
1299 3661 1375 3728 XXI
1402 3684 1433 3746 p.
1456 3663 1512 3742 62,
1538 3663 1577 3727 16
1605 3663 1646 3728 de
1672 3660 1837 3746 Hyadibus
1861 3653 1893 3722 ol.

367 3765 580 3832 Catasterism.
607 3767 716 3851 fragm
744 3791 773 3852 p.
800 3768 1004 3846 109,1-3,
1036 3769 1263 3853 Prolegomona
1289 3792 1318 3853 p.
1345 3767 1399 3845 153
1430 3768 1489 3836 bue
1520 3769 1673 3834 diceretur
1706 3791 1728 3835 a
1756 3769 1892 3852 Lycurgo

365 3872 500 3957 fugatae
525 3876 554 3938 et
575 3878 706 3954 praeter
731 3875 934 3940 Aenhrosiom
961 3896 1066 3940 omnes
1094 3877 1138 3942 ad
1167 3877 1290 3942 stetim
1313 3875 1521 3958 profugatos,
1550 3881 1586 3942 ut
1613 3877 1660 3940 ait
1687 3873 1890 3959 Asclepiades.
1951 3877 1952 3900 ³

366 4001 406 4046 ex
431 3979 481 4046 his
508 3979 605 4046 verba
630 3981 691 4048 boe
713 3983 864 4048 dicentur
886 4004 908 4047 a
930 3982 1077 4067 Lycurgo
1099 3982 1234 4066 fugatae
1264 3983 1508 4050 Eratosthenica
1534 3991 1620 4061 suut;
1651 4005 1689 4050 ex
1716 3979 1891 4068 Asclepiade

366 4088 445 4154 haec
472 4087 540 4154 sola
566 4089 668 4172 petita
694 4094 767 4155 sunt
794 4095 823 4154 et
846 4095 976 4170 praeter
997 4090 1200 4156 Ambrosiam
1227 4111 1331 4156 manes
1359 4091 1404 4155 ad
1429 4089 1552 4155 flaetim
1569 4089 1776 4174 profugatos.
1809 4095 1842 4155 at
1861 4105 1892 4149 es

366 4215 503 4279 quoque,
530 4215 612 4278 quae
639 4202 799 4274 secrmtur,
826 4197 1069 4264 Eratosthenica
1091 4204 1173 4264 sunt.
1210 4199 1333 4264 mediae
1361 4197 1459 4283 igitur
1482 4195 1702 4264 Eratosthenis
1728 4191 1890 4265 narrationi

366 4301 556 4385 interposuit
578 4301 729 4387 Hyginus,
753 4325 833 4389 quae
856 4306 942 4388 apud
960 4305 1179 4390 Asclepiadem
1201 4305 1372 4370 invenerat.
1404 4305 1456 4370 hic
1474 4305 1676 4390 Asclepiades
1693 4311 1800 4372 utrum
1817 4303 1891 4387 Myr·

365 4409 475 4474 leanus
501 4410 611 4474 sitan
638 4410 830 4494 Tragileusis
857 4411 1022 4477 dubitatur
1049 4433 1069 4478 a
1096 4413 1171 4478 viris
1198 4412 1315 4490 doctis;
1348 4413 1403 4478 sed
1430 4418 1480 4478 est
1506 4411 1707 4496 Tragileusis.
1749 4436 1821 4480 nam
1845 4407 1890 4473 ubi

366 4517 406 4581 de
433 4516 523 4600 Equo
550 4515 693 4601 Hyginus
725 4517 878 4600 loquitur,
909 4518 1129 4586 Eratosthenis
1160 4540 1254 4603 quem
1285 4519 1319 4584 in
1351 4519 1464 4586 ceteris
1494 4519 1589 4586 huius
1621 4519 1733 4604 capitis
1760 4517 1891 4604 partibus

366 4729 470 4814 piadis
493 4729 684 4816 Tragileusis
707 4730 884 4816 fragmento
908 4735 1166 4812 consentientem,
1194 4739 1231 4798 ut
1258 4754 1298 4799 ex
1323 4732 1378 4798 illo
1401 4733 1547 4799 haustam
1574 4755 1641 4800 esse
1662 4755 1754 4800 nemo
1776 4755 1837 4800 non
1857 4728 1890 4792 sil

367 4857 577 4905 concessurus.
609 4837 820 4923 fragmentum
850 4839 931 4904 illud
962 4859 1026 4906 una
1057 4863 1127 4906 cum
1158 4838 1277 4926 Hygini
1309 4841 1491 4908 narratione
1518 4842 1655 4928 adpono,
1686 4841 1734 4907 ita
1760 4847 1798 4907 ut
1822 4855 1889 4924 quae

366 4943 609 5118 dEirspitpsthenica
631 4953 714 5024 sunt,
736 4945 847 5024 solitis,
870 4967 951 5030 qnae
974 4969 1012 5014 ex
1034 4947 1222 5032 Asclepiade
1245 4947 1360 5014 hausta
1382 4954 1456 5014 sunt
1479 4949 1584 5028 uerba,
1606 4947 1766 5016 inclinatis
1788 4941 1887 5015 litteris
1949 4983 1952 5096 p

464 5073 567 5138 guam.
