3908 5802
227 455 326 509 Scaea.
346 454 439 510 Grau.
459 455 491 508 G.
511 472 537 524 p.
559 457 618 520 113,
641 457 681 510 l'l.
1134 453 1265 508 Haemus
1285 453 1319 518 ΙΙ,
1341 455 1363 507 1.
1577 452 1620 516 53

137 635 313 718 concepisse.
333 655 403 699 cum
418 655 493 718 ergo
508 633 607 700 nollet
625 635 824 720 interrogau-
879 657 951 700 uem
977 639 1143 698 venantem
1169 637 1205 696 ut
1232 631 1380 696 adiutans
1410 651 1576 715 perseque-

135 741 212 806 tibas
237 745 310 824 post
337 747 464 824 partum
487 741 591 808 dicere
618 763 639 806 a
664 763 727 824 quo
751 765 824 808 con·
878 747 975 818 retur‚
1002 747 1139 806 amotam
1163 762 1183 804 a
1205 744 1373 823 conspectu
1401 745 1576 803 ceterarum

135 847 272 930 cepisset,
300 847 427 912 tandem
455 869 621 931 perpessae
644 846 824 914 violationis
878 848 1070 931 compressit.
1096 867 1178 929 quae
1196 851 1309 929 rogata
1327 867 1348 910 a
1365 845 1477 922 Diana,
1500 846 1578 927 quid

134 955 260 1019 Dianam
292 953 482 1038 culpabilem
513 953 604 1020 dixit.
640 975 721 1038 quae
753 976 825 1020 mox
879 955 907 1019 ci
935 954 1113 1028 accidisset,
1140 953 1225 1035 quod
1252 959 1318 1016 tam
1344 951 1458 1034 grandi
1486 955 1577 1015 utero

110 1060 170 1125 aab
191 1081 227 1124 ea
249 1060 280 1124 in
304 1059 440 1127 bestiam
462 1081 613 1126 conversa
636 1067 685 1126 est
879 1060 1051 1138 videretur,
1087 1060 1174 1124 illius
1209 1062 1338 1141 peccato
1370 1059 1404 1121 id
1437 1058 1576 1122 evenisse
1604 1067 1620 1120 5

878 1165 968 1232 dixit.
1001 1167 1108 1250 itaque
1135 1167 1169 1230 in
1197 1185 1291 1250 quam
1317 1162 1451 1250 figuram
1481 1185 1578 1247 supra

878 1272 1016 1338 diximus
1039 1293 1108 1338 eam
1131 1272 1235 1337 Diana
1257 1271 1421 1338 convertit.

922 1380 1011 1457 Quae
1029 1383 1100 1445 bum
1119 1379 1152 1442 in
1171 1377 1250 1444 silve
1267 1384 1304 1444 ut
1321 1377 1389 1444 fere
1406 1383 1576 1462 vagaretur

132 1494 161 1552 et
190 1509 259 1552 cum
291 1507 390 1570 puero
418 1486 556 1570 Lycaoni
589 1487 708 1552 tradita
741 1494 774 1553 et
804 1511 825 1553 a
877 1509 898 1552 a
920 1485 1109 1570 quibusdam
1128 1485 1313 1551 Aetolorum
1336 1489 1430 1568 capta
1452 1485 1493 1548 ad
1515 1483 1593 1575 Lyg

96 1605 123 1656 10
132 1593 199 1658 Iove
217 1615 280 1658 una
294 1614 365 1658 cum
383 1591 448 1658 filio
463 1593 548 1658 inter
561 1599 649 1659 aetra
662 1594 825 1662 conlocata
878 1614 1007 1658 caoaem
1023 1613 1088 1673 pro
1110 1612 1239 1656 manae
1256 1593 1292 1656 ia
1310 1590 1488 1656 Arcadiam
1506 1612 1578 1656 cum
1588 1600 1621 1653 10

132 1701 252 1765 Arcturi
277 1721 391 1765 nomon
414 1705 545 1784 propter
567 1701 692 1766 ruinam
710 1703 825 1766 sortita
877 1696 943 1762 filio
962 1704 1011 1763 ast
1033 1699 1177 1762 deducta.
1201 1699 1246 1762 ibi
1270 1698 1387 1765 dicitur
1409 1697 1509 1762 inscia
1530 1696 1575 1761 le-

132 1813 183 1872 est.
212 1811 218 1820 ’
876 1806 926 1888 gis
949 1806 982 1869 in
1000 1804 1083 1869 lovis
1102 1805 1218 1888 Lycaei
1241 1805 1392 1888 templum
1415 1826 1449 1870 se
1473 1804 1576 1869 conie-

877 1912 968 1986 oisse;
986 1933 1081 1994 quam
1095 1911 1261 1976 confestim
1278 1909 1362 1974 filius
1377 1917 1425 1976 est
1443 1915 1576 1975 secutus.

878 2016 985 2102 itaque
1003 2039 1073 2083 aum
1092 2039 1146 2084 eoa
1166 2017 1304 2083 Arcadas
1322 2017 1455 2082 insecuti
1477 2017 1576 2081 inter-

878 2123 970 2188 ficere
993 2130 1195 2200 conarentur,
1218 2123 1340 2207 Iupiter
1362 2144 1482 2187 memor
1504 2132 1620 2206 pcc-lo

878 2230 941 2296 cati
969 2237 1110 2314 ereptam
1138 2230 1269 2296 Callisto
1296 2252 1367 2296 cum
1394 2227 1460 2293 filio
1494 2230 1577 2294 inter

878 2337 983 2403 sidera
992 2337 1167 2403 conlocavit
1176 2358 1308 2422 eamque
1318 2337 1458 2413 Arctum,
1471 2333 1576 2416 filiam

878 2449 983 2509 actem
1001 2443 1239 2526 Arctophylaca
1256 2442 1438 2518 nominavit,
1457 2443 1495 2506 dc
1514 2461 1576 2524 qao

872 2550 1035 2631 posteriue
1058 2550 1203 2614 dicamas.

125 3669 172 3707 as
203 3652 438 3720 interrogantibus
471 3659 533 3720 post
565 3659 687 3720 partum:
723 3669 826 3721 praeca
915 3670 926 3706 r
950 3650 1079 3705 adiutans
1104 3650 1137 3704 G.
1165 3649 1299 3705 adiurans
1323 3649 1387 3704 DV.
1431 3655 1620 3704 coeterorum

96 3739 165 3794 rerba
200 3747 251 3796 aut
282 3757 431 3809 perperam
461 3741 599 3795 intellecta
632 3745 682 3794 aut
713 3740 826 3794 laberius
880 3740 943 3794 DV.
963 3756 980 3794 a
999 3739 1100 3794 ceteris
1118 3738 1151 3792 G.
1193 3745 1286 3806 apost
1304 3738 1410 3808 ltaque:
1431 3743 1543 3806 propter
1562 3735 1621 3792 eius

93 3828 193 3884 reddita
210 3835 285 3897 auat,
309 3830 366 3884 arei
381 3829 454 3896 sorte
471 3828 646 3884 scrobaadam
664 3834 717 3882 art:
740 3827 825 3882 inter·
878 3843 1038 3899 responsum
1058 3827 1128 3881 labri.
1154 3833 1231 3895 patet
1249 3828 1389 3897 plossema.
1418 3841 1514 3894 supra:
1539 3842 1620 3894 sape-

93 3918 190 3984 roganti
209 3920 278 3974 deae
297 3935 384 3989 propa
403 3924 520 3988 partum.
879 3917 936 3974 rius
951 3918 985 3971 R.
1013 3935 1026 3973 e
1041 3915 1212 3970 Aetolorum:
1236 3917 1300 3986 apa
1317 3915 1404 3986 ἐρίων
1417 3909 1471 3970 ὑπὸ
1487 3912 1623 3969 Αἰτωλῶν

124 4022 144 4060 11
176 4007 301 4062 Arcturi:
334 4007 446 4061 ‹lebebat
477 4005 569 4071 Arcti,
605 4008 654 4064 aad
686 4007 828 4060 constanti
879 4011 964 4061 τινῶν
982 4007 1017 4072 cf.
1037 4006 1237 4076 Prolepcmcaa
1251 4021 1281 4072 p.
1302 4009 1326 4058 1.

94 4109 176 4148 mera
197 4095 297 4151 Arctoe
320 4099 455 4151 Arauros
481 4098 617 4150 murinae.
655 4095 761 4150 ruinam
785 4096 827 4148 ita
915 4113 939 4152 ιι
960 4094 1054 4164 ibique
1073 4095 1111 4149 D.
1148 4110 1183 4152 ra.
1203 4112 1229 4152 re
1247 4110 1351 4150 memor
1369 4093 1478 4163 peccati
1497 4094 1515 4146 i.
1536 4111 1557 4148 e.
1577 4089 1622 4146 διὰ

94 4181 175 4238 reddit
196 4179 365 4253 σύμπτωμα.
403 4185 438 4250 cf.
458 4184 545 4239 Arati
565 4186 740 4254 interpretem
762 4183 826 4238 lati·
876 4179 931 4252 ἰὴν
949 4181 1125 4253 συγγένειαν.

94 4287 160 4340 nam,
179 4275 260 4328 cuiue
277 4273 360 4328 carba
377 4273 427 4328 sab
445 4273 484 4326 II
500 4272 644 4342 adscripsi.
