3920 5806
188 425 291 478 Senos.
311 423 403 478 Grau.
424 423 456 478 G.
475 441 501 493 p.
525 425 580 486 liii,
604 425 641 478 17λ

1085 387 1269 487 Hrurucsli,
1288 424 1330 476 41.
1518 425 1576 489 181

18 545 20 688 i
129 603 232 668 Piscis
263 623 338 686 ergo
365 623 509 688 maguus,
541 604 628 670 cuius
656 609 785 688 nepotes
882 603 981 670 Piscis
1004 603 1058 689 qui
1081 604 1186 670 notius
1209 601 1396 685 adpellaiur.
1419 603 1472 668 hic
1490 603 1535 667 vi·
1567 601 1741 656 XXXVIII
1785 611 1788 618 '

18 695 19 790 J
89 709 232 775 fabulose
250 710 398 776 dicuntur
410 712 520 796 pisces,
539 713 593 796 qui
608 712 641 776 in
656 711 785 777 zodiaco
839 711 931 776 detur
967 733 1020 777 cre
1057 731 1171 796 aquam
1211 711 1353 794 excipere
1388 730 1409 774 a
1444 712 1534 794 siguo
1611 692 1707 747 Pecu.

18 795 20 902 i
88 817 204 882 circulo
229 819 392 883 consiiiuii
415 824 503 895 sunt,
530 819 647 884 dicitur
668 840 688 884 a
709 839 785 902 gen·
838 817 978 900 Aquarii.
997 817 1052 901 qui
1070 817 1267 883 laborantem
1285 819 1443 900 quondam
1456 817 1536 882 Isim

87 923 196 990 tiubus
225 923 311 990 iuter
332 930 419 991 astra
439 925 618 992 conlocatus
641 947 678 991 eo
702 927 785 1010 quod
839 945 978 989 servasse
997 925 1209 1003 existimatum
1228 945 1286 1009 pre
1304 945 1367 1008 quo
1383 923 1535 990 beneficio

66 1032 285 1097 5decideniem
313 1033 346 1097 in
372 1031 521 1098 Bambice
548 1039 659 1117 stagno
686 1054 785 1116 quon·
839 1031 1039 1098 simulacrum
1061 1031 1156 1116 piscis
1179 1037 1212 1096 et
1233 1032 1300 1097 eius
1322 1029 1473 1108 filiorum,
1496 1031 1535 1095 de
1562 1040 1579 1092 5

86 1138 158 1202 dam
182 1138 285 1217 deam,
308 1160 402 1223 quam
421 1139 543 1225 Syriam
565 1140 720 1206 vocabant
742 1177 783 1187 -
839 1137 953 1221 quibus
976 1143 1050 1204 aute
1074 1139 1224 1216 diximus,
1246 1139 1330 1204 inter
1352 1143 1440 1204 astra
1462 1159 1535 1203 con-

86 1251 116 1309 et
149 1244 319 1312 dicebatur
349 1245 417 1312 filia
446 1247 579 1314 Veneris
613 1285 653 1296 -
685 1248 786 1313 salva
839 1245 952 1312 stituit.

86 1353 175 1418 verit„

18 3229 19 3234 ,
63 3179 86 3233 25
129 3175 238 3240 Habet
261 3174 388 3258 quidem
411 3173 518 3240 stelias
540 3172 610 3238 XII.

19 3591 20 3634 i
88 3589 176 3638 rante
194 3584 339 3639 dicebatur
357 3587 377 3655 β
395 3582 497 3638 addere
515 3584 575 3638 uuit
593 3600 672 3652 quae.

881 2745 988 2826 iisque
1024 2741 1095 2827 Syri
1130 2741 1305 2826 complures
1336 2741 1439 2824 pisces
1470 2761 1533 2804 non

836 2852 952 2918 esiiaui
984 2855 1017 2914 et
1048 2869 1156 2913 eorum
1189 2849 1356 2914 simulacra
1387 2846 1534 2912 inaurata

835 2978 893 3042 pro
930 2955 991 3022 diis
1028 2956 1194 3041 penatibus
1230 2956 1344 3021 columb
1395 2954 1443 3019 De
1474 2954 1534 3018 hoc

836 3063 957 3130 Ctesias
981 3062 1098 3128 scribit.

881 3169 943 3236 Sed
967 3177 1015 3236 est
1037 3169 1200 3236 stellarum
1223 3169 1349 3235 omnino
1372 3167 1442 3232 XII.
1542 3175 1577 3230 25

872 3599 884 3636 1
916 3579 1019 3635 notius:
1061 3579 1173 3634 debebat
1209 3593 1332 3646 magnus.
1376 3577 1471 3631 uotiua
1506 3575 1579 3630 mim

837 3687 931 3726 corum
962 3670 1012 3737 qui
1039 3669 1071 3721 in
1098 3666 1201 3721 circuio
1228 3666 1341 3720 zodiaco
1368 3671 1435 3720 scat
1457 3664 1579 3733 piscium

838 3760 909 3814 citer
927 3758 1096 3812 cornicatur.
1133 3773 1146 3810 s
1165 3771 1212 3810 ore
1231 3771 1343 3824 squam:
1363 3770 1463 3824 squam
1481 3767 1528 3808 ore
1543 3752 1577 3806 R.

838 3867 864 3906 si
878 3848 984 3904 Ctesias
998 3846 1122 3915 Modica,
1141 3845 1198 3898 aaa
1212 3843 1287 3911 quod
1301 3851 1330 3898 et
1344 3842 1450 3898 Ctesias
1464 3841 1579 3896 εστῶενα

773 3992 774 3996 ,
838 3939 911 4005 vuib-
939 3943 968 3992 at
991 3943 1020 3991 et
1041 3934 1111 3988 nibai
1139 3949 1194 3986 esse
1222 3949 1306 4001 paam
1334 3939 1362 3986 et
1389 3937 1461 3985 reete
1487 3937 1578 3984 monet

837 4028 1013 4084 Bwrsicnua:
1028 4023 1149 4080 ethesius
1159 4021 1229 4076 MR.
1244 4020 1345 4079 etesias
1355 4021 1389 4076 B.
1405 4018 1535 4076 etheriae
1545 4019 1577 4072 P.
