3920 5806
1549 432 1613 496 243

40 631 102 696 qne
125 610 165 676 in
191 609 268 676 lda
297 610 420 677 sodalis
443 616 504 688 est,
530 617 596 676 tam
622 609 790 694 singularis
816 616 943 695 tamque
964 631 1057 676 rarae
1078 610 1248 677 memoriae
1269 629 1405 695 persona
1427 615 1488 688 est,
1516 615 1552 676 ut
1574 610 1615 676 ad

39 717 160 783 sideris
187 715 350 800 figuram
372 717 589 801 explicandam
611 718 757 784 inventus
780 739 847 784 esse
869 719 1022 784 videatur.
1050 718 1099 785 fac
1121 719 1220 802 igitur
1232 717 1434 802 Theogoniae
1456 722 1615 784 auctorem

42 825 125 890 nihil
156 824 315 891 omnino
342 825 381 890 de
408 824 512 890 sidere
538 825 667 901 disisam
692 829 799 891 tamen
825 826 913 891 sidus
939 825 994 892 illa
1020 831 1125 892 aetate
1152 831 1262 891 notum
1284 845 1352 892 esse
1375 825 1553 911 oportebat,
1579 830 1616 891 ut

43 933 285 1016 Capricornus
322 931 356 998 in
387 931 527 998 fabulam
553 933 761 1000 induceretur.
793 933 827 999 id
854 939 959 998 eutem
985 939 1060 998 ante
1086 933 1231 1017 quintum
1258 931 1416 998 saeculum
1442 933 1615 999 innotuisse

45 1059 152 1121 neque
184 1039 267 1104 ullo
301 1039 484 1106 testimonio
511 1045 634 1106 constat
660 1061 718 1106 nec
744 1041 822 1106 satis
843 1039 1008 1124 probabile
1031 1045 1087 1106 est.
1120 1039 1228 1123 itaque
1250 1034 1409 1126 Κρητικαὶ,
1436 1061 1498 1123 quo
1520 1040 1615 1105 titulo

48 1167 118 1211 cum
143 1145 390 1231 Theogoniam
415 1152 484 1213 tum
510 1149 587 1232 περὶ
610 1148 747 1224 Μίνωος
770 1147 826 1212 καὶ
843 1139 1095 1232 Ῥαδαμάνθυος
1121 1167 1246 1213 carmen
1273 1145 1498 1231 comprehensa
1520 1145 1616 1211 luisse

49 1252 216 1332 arbitror,
249 1275 323 1319 non
350 1259 425 1319 ante
452 1255 596 1338 quintum
622 1255 780 1320 saeculum
807 1275 827 1318 a
853 1252 982 1320 falsario
1010 1255 1138 1320 condita
1163 1253 1259 1320 fuisse
1281 1258 1400 1330 statuo,
1425 1254 1507 1318 sicut
1528 1253 1616 1318 aliud

52 1381 184 1444 quoque
217 1361 318 1446 quod
340 1359 535 1445 Epimenidis
562 1362 687 1427 nomine
714 1360 876 1426 ferebatur
897 1381 1036 1439 carmen,
1068 1351 1278 1448 Τελχινιακὴν
1302 1357 1462 1447 ἱστορίαν,
1484 1381 1505 1426 a
1526 1360 1615 1426 Tele-

50 1467 135 1532 clide
155 1468 284 1533 nescio
305 1489 367 1553 quo
386 1469 594 1553 conscriptum
613 1490 681 1534 esse
699 1469 762 1534 iam
780 1474 900 1534 veteres
919 1469 1155 1534 contenderunt.
1183 1469 1220 1534 cl.
1240 1467 1354 1534 Athen
1372 1468 1433 1533 Vll
1450 1490 1480 1553 p.
1500 1454 1565 1533 282
1579 1465 1614 1533 Ε.

145 1574 349 1641 Pisandri
380 1575 604 1660 Panyasidis
635 1575 811 1661 Aeschyli
842 1577 1024 1642 testimonia
1053 1577 1095 1641 ad
1126 1575 1251 1642 fabulas
1281 1576 1453 1661 pertinere,
1484 1595 1547 1640 non
1574 1571 1614 1639 ad

55 1682 167 1748 sidera
192 1682 370 1748 verissime
393 1684 505 1748 statuit
528 1681 659 1748 Carolus
681 1683 716 1748 0.
740 1682 893 1748 Miillerus
915 1683 1088 1767 Prolegom.
1111 1705 1140 1767 p.
1161 1683 1224 1748 199
1235 1705 1258 1749 s.
1281 1682 1428 1766 idemque
1447 1683 1479 1747 in
1496 1681 1615 1765 pleros-

59 1811 118 1872 que
143 1791 336 1873 scriptores
358 1789 413 1873 qui
436 1789 535 1856 Arato
560 1789 735 1874 superiores
758 1796 831 1855 sunt
853 1791 965 1855 cadere
987 1789 1264 1855 verisimillimum
1287 1795 1343 1855 est
1375 1795 1461 1856 certe
1479 1810 1495 1854 e
1513 1788 1615 1874 poetis

60 1897 144 1962 solus
166 1896 318 1981 Amphis
336 1895 476 1963 fabulam
494 1919 567 1964 vere
585 1897 760 1976 sideralem,
777 1917 858 1981 quae
877 1903 925 1964 est
940 1899 979 1963 de
989 1895 1072 1962 Sirio
1081 1897 1222 1981 protulit
1241 1919 1268 1962 v.
1279 1895 1345 1964 Cat.
1356 1896 1467 1982 fragm.
1476 1894 1616 1961 XXXIII

61 2025 89 2086 p.
114 2003 199 2081 1683
227 2004 332 2069 immo
356 2004 387 2069 in
411 2025 449 2070 ea
471 2025 595 2089 quoque
618 2003 734 2081 fabula,
757 2025 796 2070 ex
818 2025 882 2088 qua
904 2003 1052 2070 Callistus
1073 2004 1208 2070 historia
1229 2005 1418 2088 deprompta
1440 2010 1497 2081 est,
1520 2003 1616 2079 sidus,

65 2111 149 2192 quod
168 2111 269 2176 Ursa
291 2112 392 2176 maior
415 2117 554 2188 vocatur,
576 2116 852 2178 commemoratum
873 2110 971 2178 fuisse
993 2111 1139 2178 arbitror.
1171 2112 1307 2197 denique
1324 2116 1433 2196 aperte
1451 2110 1493 2176 ad
1511 2109 1616 2175 sidera

66 2218 211 2300 respexit
236 2216 531 2302 Aglaosthenes,
554 2218 594 2282 de
617 2239 678 2303 quo
699 2217 807 2302 paullo
829 2220 1006 2284 aaomatius
1029 2219 1197 2284 dicendum
1220 2224 1275 2285 est

155 2323 398 2409 aglaosthenes
420 2326 533 2408 igitur,
559 2326 614 2409 qui
637 2320 766 2406 Ναξικά
788 2324 973 2392 historicum
996 2346 1088 2410 opus,
1116 2327 1150 2390 in
1171 2347 1234 2410 quo
1256 2323 1447 2391 Naxicornm
1468 2343 1520 2390 res
1542 2325 1616 2389 inde

69 2429 106 2494 ab
129 2431 371 2516 antiquissimis
398 2433 593 2515 temporibus
620 2437 785 2498 enarratae
812 2437 916 2509 erant,
943 2434 1131 2516 composuit,
1158 2453 1219 2517 quo
1246 2437 1386 2516 tempore
1412 2432 1528 2497 vixerit
1553 2453 1616 2497 non

72 2543 205 2606 constat.
242 2543 506 2604 commemoratur
528 2539 569 2602 ab
593 2538 757 2607 Athenaeo
775 2539 822 2605 III
845 2562 874 2623 p.
896 2539 937 2605 78
956 2539 990 2617 C,
1013 2561 1033 2604 a
1054 2539 1157 2605 Plinio
1176 2539 1220 2605 IV
1239 2540 1291 2616 66,
1314 2561 1334 2604 a
1355 2539 1482 2605 Polluce
1499 2538 1545 2603 IX
1564 2538 1616 2616 83,

71 2643 209 2711 tortasse
235 2647 335 2711 etiam
356 2646 389 2711 in
413 2645 540 2712 scholiis
563 2646 604 2711 ad
623 2646 859 2732 Lycophronem
883 2646 948 2713 704
971 2652 1004 2712 et
1028 2647 1121 2712 1023.
1154 2646 1192 2712 ci
1215 2645 1247 2712 C.
1267 2646 1382 2713 Miiller
1404 2647 1438 2711 F.
1457 2645 1496 2711 H.
1515 2645 1552 2710 G.
1570 2645 1616 2711 IV

73 2773 100 2834 p.
115 2753 182 2818 293
193 2775 218 2819 s.
246 2753 381 2818 eundem
399 2753 572 2819 uDiodoro
591 2754 623 2818 in
642 2754 736 2822 rebus
750 2753 882 2820 Creticis
901 2754 1084 2819 enarrandis
1103 2753 1282 2820 adhibitum
1300 2775 1368 2821 esse
1386 2763 1481 2838 supra
1499 2752 1616 2818 conieci

74 2880 102 2940 p.
119 2861 185 2925 241
208 2861 284 2926 adn.
307 2860 356 2924 11.
388 2881 427 2925 ox
446 2859 660 2944 Aglaosthene
678 2861 777 2946 igitur
793 2861 1020 2926 Eratosthenes
1041 2867 1168 2944 praeter
1189 2862 1364 2945 piratarum
1383 2859 1617 2945 Tyrrhenorum

75 2963 246 3033 historiam
275 2965 357 3054 (Cat.
381 2966 419 3032 ir.
441 2966 547 3031 XXXI
575 2988 605 3050 p.
631 2966 710 3052 161)
737 2973 888 3052 quattuor
914 2967 972 3034 has
998 2969 1251 3034 narratiunculas
1278 2968 1424 3053 sumpsit:
1455 2966 1488 3032 II
1511 2990 1540 3053 p.
1565 2966 1617 3044 56,

80 3071 210 3139 12-22
241 3074 281 3139 de
304 3073 467 3158 Cynosura
487 3073 571 3140 loris
597 3073 733 3150 nutrice,
759 3074 809 3139 111
830 3097 860 3158 p.
883 3074 940 3151 62,
968 3075 1076 3139 1--14
1103 3074 1143 3140 de
1165 3073 1239 3141 Iove
1264 3096 1362 3159 puero
1388 3075 1422 3142 in
1449 3076 1618 3141 draconem

77 3187 214 3260 mutato,
248 3179 339 3246 XXX
361 3203 391 3264 p.
421 3179 498 3258 156,
533 3181 670 3246 13-26
703 3181 742 3246 de
772 3182 891 3267 aquila,
925 3201 1006 3264 quae
1036 3182 1104 3247 lovi
1136 3188 1246 3248 contra
1277 3181 1406 3248 Titanas
1437 3180 1617 3265 profecturo

80 3287 256 3370 auspicium
288 3286 398 3352 fecisse
431 3288 559 3365 dieitur,
590 3285 726 3353 XXXIX
753 3309 782 3372 p.
809 3288 881 3366 182,
905 3287 1021 3353 1-25
1044 3289 1084 3355 de
1106 3309 1175 3368 ara,
1206 3288 1240 3353 in
1268 3310 1331 3371 qua
1357 3289 1479 3374 Iupiter
1506 3289 1617 3354 eodem

79 3398 221 3478 tempore
249 3392 445 3460 sacrificavit.
478 3415 551 3460 nam
578 3415 767 3478 quamquam
794 3395 930 3460 secunda
952 3401 984 3462 et
1006 3401 1121 3480 quarta
1147 3397 1287 3462 narratio
1310 3396 1378 3462 sine
1401 3395 1538 3462 auctoris
1561 3417 1617 3462 no-

82 3499 162 3565 mine
189 3500 392 3578 adfemntur,
421 3507 528 3566 tamen
555 3523 626 3566 cum
652 3502 761 3568 alteris
789 3503 910 3568 duabus
937 3507 1002 3568 tam
1029 3509 1098 3568 arte
1125 3503 1309 3582 cohaerent,
1339 3508 1376 3568 ut
1403 3508 1435 3568 et
1464 3505 1549 3586 ipsas
1576 3503 1617 3569 ad

85 3605 327 3689 Aglaosthenem
353 3607 458 3674 redire
489 3608 691 3678 menifestum
719 3609 768 3674 sit.
801 3609 839 3675 ct.
865 3609 1092 3694 Prolegomena
1123 3632 1153 3694 p.
1178 3610 1207 3676 8.
1239 3614 1389 3694 quattuor
1420 3615 1526 3674 autem
1556 3608 1618 3674 hae

84 3709 207 3780 fabulae
234 3714 344 3800 procul
371 3713 467 3779 dubio
493 3716 528 3780 in
550 3715 772 3800 Aglaosthenis
799 3715 927 3782 Naxicis
954 3737 1048 3782 unam
1075 3717 1287 3783 narrationem
1311 3715 1502 3794 efficiebant,
1530 3717 1618 3782 cuins

85 3817 116 3881 iu
138 3818 199 3887 fine
221 3827 385 3887 narratum
409 3826 478 3886 arat
499 3821 606 3888 lovem
629 3823 733 3889 sidera
756 3821 811 3888 illa
832 3824 988 3908 pueritiae
1010 3845 1086 3890 suae
1108 3830 1309 3890 monumenta
1331 3825 1514 3891 reddidisse.
1547 3826 1618 3908 quis

86 3926 165 3991 enim
192 3949 256 3994 non
282 3925 369 3993 videt
395 3933 495 3994 totam
522 3929 610 3994 illam
637 3930 676 3994 de
698 3930 772 3996 love
799 3930 832 3997 in
861 3931 1005 3997 draconis
1032 3929 1165 4016 figuram
1191 3936 1314 3997 mutato
1341 3931 1554 3996 narrationem
1582 3951 1619 3996 eo

87 4037 234 4114 mactare,
256 4039 293 4099 ut
316 4034 498 4118 explicetur,
521 4057 577 4101 cur
599 4037 744 4102 draconis
763 4037 850 4103 sidus
868 4038 902 4102 in
920 4039 1006 4104 caelo
1025 4038 1146 4104 duabus
1165 4037 1255 4104 Ursis
1274 4037 1377 4104 cincta
1395 4039 1455 4103 sit?
1481 4045 1620 4104 ceterum

88 4135 181 4206 Ursas
204 4141 287 4207 lovis
309 4144 448 4208 nutrices
471 4162 538 4208 esse
560 4142 623 4208 iam
644 4143 762 4210 Arabim
784 4143 932 4211 adfirmat
954 4167 981 4210 v.
1000 4144 1130 4211 30-37
1137 4169 1145 4220 3
1168 4145 1224 4210 sed
1246 4143 1316 4210 edm
1335 4143 1519 4228 Serpentem
1538 4143 1620 4209 lovis
1738 4171 1741 4178 ·

89 4242 252 4329 imaginem
275 4269 343 4314 esse
365 4271 430 4316 non
451 4251 563 4327 addat,
585 4256 642 4316 aut
664 4251 820 4334 ignoravit
842 4251 924 4318 bane
946 4251 1086 4318 fabulam
1108 4257 1165 4317 aut
1186 4251 1338 4336 neglexit;
1365 4251 1499 4318 fortasse
1522 4251 1621 4317 Ursas

90 4354 222 4420 nutrices
249 4354 332 4419 lovis
358 4378 427 4423 esse
449 4363 539 4424 vetus
561 4358 670 4441 populi
693 4359 799 4442 opinio
822 4358 957 4438 ferebat,
985 4380 1066 4443 qaae
1094 4365 1246 4424 aromata
1274 4365 1307 4424 et
1333 4359 1438 4444 lepide
1465 4358 1622 4442 explicata

92 4460 195 4526 catab
218 4460 439 4544 Aglaosthene.

174 4565 367 4634 Difficillime
388 4570 530 4654 quaestio
554 4577 602 4637 est
625 4571 664 4636 de
687 4571 885 4658 Euripide3
909 4595 981 4640 nam
999 4595 1069 4639 cum
1088 4575 1270 4658 ceteroquin
1288 4571 1330 4639 ad
1352 4571 1476 4638 fabulas
1498 4577 1623 4638 tantum

94 4677 408 4743 commemorationem
437 4677 504 4743 eius
530 4679 688 4762 pertinere
714 4680 852 4746 libenter
879 4682 1061 4757 concedam,
1089 4679 1269 4764 scrupulum
1296 4685 1421 4746 movent
1448 4699 1487 4744 ea
1509 4678 1623 4757 sidera,

97 4837 134 4885 cet
151 4832 176 4888 id
193 4833 375 4905 fragmentum
395 4835 424 4891 in
442 4835 554 4892 scholiis
574 4837 609 4893 ad
628 4838 749 4923 Rhesum
767 4841 803 4894 36
822 4845 850 4895 et
868 4840 904 4895 ad
923 4839 1099 4895 Theocritum
1114 4839 1167 4894 13.
1196 4838 1245 4894 sed
1265 4854 1342 4893 mera
1361 4837 1521 4893 coniectura
1538 4836 1568 4892 id
1586 4835 1622 4892 ad

96 4919 269 4991 Theogoniam
292 4925 429 4992 referunt,
453 4942 514 4980 cum
538 4920 710 4997 Ἐπιμενίδης
733 4923 765 4982 ἐν
787 4937 846 4993 τοῖς
868 4924 1023 4998 ποιήμασιν
1042 4923 1129 4983 αὐτοῦ
1149 4933 1386 4993 commemoratur,
1410 4926 1450 4981 ita
1472 4931 1503 4981 ut
1526 4925 1622 4981 eodem

97 5005 199 5066 iurand
218 5013 337 5070 Oracula
355 5021 403 5070 aut
422 5017 457 5070 ad
478 5011 654 5086 Καθαρμούς
672 5022 720 5070 aut
739 5017 857 5087 denique
878 5019 912 5072 ad
933 5017 1120 5086 Argonautica
1138 5017 1243 5072 referre
1263 5015 1404 5086 possimus.

1358 5105 1410 5160 16*
