3906 5800
580 403 718 456 Emuouu.

362 405 424 469 134
993 405 1091 459 δοται..
1104 407 1192 458 Assa.
1212 421 1235 457 τ.
1246 405 1306 458 266.
1361 404 1453 457 Scaoa
1468 401 1621 456 GmuAEP.
1633 400 1888 468 p.83,12=p.76.o.
1944 481 1945 486 ἵ

1408 579 1534 644 Pliades
1561 584 1634 644 sunt
1660 599 1718 660 per
1741 576 1847 642 stellas

1363 691 1491 770 septem,
1504 707 1583 768 ques
1592 687 1701 751 dicunt
1710 682 1848 749 Atlantis

217 580 337 682 XXIlL
446 575 518 646 Ἐπὶ
561 588 620 666 τῆς
666 572 835 667 ἀποτομῆς
878 589 941 647 τοῦ

269 688 334 734 ἕως·
367 753 370 762 ,
407 684 535 773 Ταύρου
566 695 624 774 τῆς
653 687 858 774 καλουμένης
884 683 940 771 ῥά·

222 671 266 724 Π).

400 819 484 879 χεοις
506 787 526 881 ἡ
550 789 673 872 Πλειός
696 792 797 874 ἐστιν,
821 811 938 882 συνηγ-

401 901 501 988 μένης
533 893 566 966 δ)
594 894 695 987 αὐτῆς
727 900 772 978 εἰς
800 893 939 985 ἀστέρας

376 1001 488 1075 biara
505 1008 660 1093 λέγουσιν
680 1004 852 1074 εἶναιτῶν
872 1003 938 1074 Ἄτ-

402 1121 522 1193 λαντος
532 1115 740 1201 θυγατέρων,
754 1107 806 1181 διό
815 1107 873 1181 καὶ
883 1111 939 1180 έπ-

403 1219 551 1307 τάπορος
567 1228 724 1289 καλεῖται.
758 1215 818 1307 οὐχ
834 1215 940 1308 ὁρῷν-

402 1353 457 1396 ται
474 1331 508 1396 δὲ
528 1328 561 1396 αἱ
581 1326 675 1410 ἑπτά,
693 1322 765 1395 ἀλλ’
784 1327 818 1395 αἱ
837 1325 881 1410 ig,
899 1320 939 1394 τό

404 1437 440 1502 δὲ
463 1437 572 1503 αἴτιον
596 1429 687 1504 οὕτω
710 1461 783 1512 ποις
802 1423 960 1520 λέγεται.’

360 1535 461 1620 loreis
492 1544 553 1628 μὲν
584 1537 647 1630 γὰρ
675 1541 711 1626 έξ
738 1559 819 1626 φασι
846 1548 941 1618 θεοῖς

402 1659 545 1738 μιγῆναι,
567 1644 629 1738 τὴν
654 1651 688 1716 δὲ
711 1651 790 1734 μίαν
809 1654 938 1735 θνητῷ·

403 1772 491 1844 τρεῖς
529 1758 589 1842 μὲν
616 1746 684 1824 ὀὖν
716 1764 849 1843 μιγῆναι
881 1757 942 1834 Διί,

403 1858 591 1950 Ἠλέκτραν,
627 1863 662 1946 ἐξ
692 1854 730 1951 ἧς
762 1859 942 1948 Δάρδανος,

403 1976 527 2052 Μαῖαν,
551 1971 587 2053 ἐξ
608 1960 646 2058 ἧς
664 1964 799 2057 Ἑρμῆς,
826 1967 942 2052 Ταϋγέ-

361 2089 394 2144 15
403 2102 475 2165 την,
500 2077 535 2160 ἐξ
557 2067 595 2165 ἧς
618 2078 849 2161 ΛακεδαίμωνΙ
877 2077 942 2140 Πο-

405 2187 539 2250 οειδῷνι
563 2185 598 2251 δὲ
623 2181 683 2250 δύο
706 2191 853 2270 μιγῆναι,
878 2174 943 2248 Άλ-

404 2287 542 2380 κυόνηυ,
566 2291 601 2373 ἐξ
619 2281 656 2378 ἧς
670 2283 803 2375 Ὺριεύς,
825 2293 943 2354 Κελαι-

404 2394 469 2480 νώ,
502 2398 537 2480 ἒξ
563 2388 601 2485 ἧς
629 2393 750 2474 Λύκος·
786 2393 944 2482 Στερόπη

406 2506 441 2572 δὲ
469 2505 597 2591 λέγεται
629 2497 709 2588 'leel'
733 2511 880 2590 μιγῆναι,
908 2501 944 2583 ἐξ

360 2601 442 2699 θοῆς
459 2609 624 2696 Οἰνόμαος
638 2609 778 2695 ἐγένετο.
802 2606 943 2695 Μερόπη

407 2719 442 2784 δὲ
474 2713 617 2802 Σισύφῳ
655 2725 787 2804 θνητῷ,
825 2712 942 2801 διόπερ

406 2817 536 2910 ἀφανής
560 2822 659 2889 ἐστιν.

1087 2506 1210 2586 ocyore
1252 2492 1315 2586 τὴν

996 2621 1031 2674 20
1040 2611 1118 2694 μίαν
1134 2601 1190 2674 ὑπ’
1201 2608 1315 2684 αἰδοῦς

1040 2723 1158 2802 θνητῷ
1210 2727 1313 2798 μιγεῖ-

1042 2843 1105 2890 οαν
1127 2818 1278 2908 Σισύφῳ.

362 2985 456 3038 ΧΧΙΠ
484 2983 673 3036 Tasmuoam:
706 2982 782 3037 Ουίδ.
809 2983 875 3050 fast.
899 2982 947 3037 IV
1032 2985 1080 3039 Ita
1098 2984 1135 3052 V‚·
1153 2999 1186 3036 ecc
1200 2983 1240 3036 M.
1256 2999 1315 3037 aaa

574 3074 728 3126 roa-176.

361 3160 488 3216 Pleiades
522 3159 657 3230 incipient
684 3177 790 3216 umeros
817 3161 943 3216 relevare

362 3256 498 3320 paternos,
508 3249 518 3321 ll
527 3266 597 3319 quae
608 3245 714 3320 scptein
721 3249 785 3316 dici,
797 3257 943 3304 sextameu

361 3355 422 3394 esse
440 3341 541 3395 solent:
560 3339 570 3411 ll
587 3355 635 3394 seu
655 3340 726 3409 quod
744 3339 772 3393 in
787 3339 943 3409 amplexum

361 3445 410 3483 sex
429 3428 493 3483 hinc
512 3445 612 3483 venere
627 3430 738 3484 deorum
767 3471 773 3483 .
794 3471 799 3483 .
820 3433 828 3483 .'
844 3427 854 3499 ll
880 3445 942 3483 narn

361 3520 495 3586 Steropen
514 3517 600 3572 Marti
619 3517 797 3573 concubuisse
815 3517 916 3583 icrunt,
934 3517 944 3589 ΙΙ

361 3608 490 3677 Neptuno
517 3608 658 3677 Alcyonen
693 3613 721 3660 et
748 3613 789 3672 te,
826 3607 944 3662 formosa

363 3697 488 3761 Celaeno,
503 3695 512 3767 ll
527 3695 622 3750 Maian
642 3702 669 3751 et
684 3697 824 3752 Electram
838 3696 944 3766 Tayge-

363 3784 544 3854 renquelov13
559 3784 569 3855 ll
583 3785 701 3853 septima
711 3785 819 3840 mortali
830 3786 945 3854 Merope

363 3873 426 3940 tibi,
451 3873 580 3943 Sisyphe,
604 3874 710 3944 nupsit:
729 3874 738 3946 ll
757 3874 894 3944 paenitet,
918 3881 946 3928 et

475 3961 543 4018 facti
562 3964 621 4018 sola
639 3964 742 4032 pudore
761 3963 838 4018 latet,

365 4053 519 4106 Gcrcaaac'c.
534 4069 557 4106 ο.
573 4055 638 4106 264.
719 4050 850 4106 caelifero
868 4051 945 4121 geni-

363 4147 421 4208 tae,
450 4142 473 4196 si
501 4158 565 4197 vere
588 4141 707 4197 sustinet
728 4140 809 4196 Atlas
830 4139 839 4211 ll
862 4156 947 4210 regna

363 4231 435 4286 lovis
454 4247 623 4301 superosque
643 4237 727 4299 atque
745 4229 805 4300 ipso
827 4230 947 4300 pondere

601 4318 713 4389 gaudet.

997 3074 1128 3141 excerpsit
1182 3070 1313 3127 Walamo·

996 3165 1109 3218 witziaa.

1362 793 1442 860 filias
1459 793 1556 858 filisse
1577 791 1646 856 VII.
1678 789 1849 876 exquibus

1363 922 1416 966 aex
1440 901 1544 966 clarae
1567 904 1649 976 sunt,
1671 899 1688 964 1
1706 898 1850 972 obscura,

1363 1009 1447 1091 quod
1469 1029 1525 1072 sex
1546 1027 1619 1070 cum
1645 1006 1713 1072 deis
1738 1013 1876 1070 conca-5

1364 1114 1509 1190 buerunt,
1522 1135 1560 1178 ex
1573 1112 1687 1196 quibus
1700 1119 1767 1178 tras
1781 1132 1848 1176 cum

1363 1221 1446 1287 love.
1475 1243 1513 1286 ex
1526 1220 1653 1286 Electra
1666 1219 1848 1284 Dardanum

1364 1335 1486 1404 uatum,
1528 1328 1614 1392 Maia
1648 1325 1849 1402 Mercurium,

1364 1437 1502 1519 Taygeto
1512 1434 1756 1498 Lacedaemona
1779 1453 1850 1496 cum

1364 1543 1512 1626 Neptuno
1536 1542 1631 1607 duae:
1654 1541 1794 1623 Alcyone
1811 1561 1851 1602 ex
1863 1548 1893 1600 10

1364 1671 1428 1733 qua
1436 1649 1582 1734 Hyrieus,
1597 1647 1730 1712 Celaeno
1740 1667 1779 1710 ex
1788 1667 1851 1727 qua

1364 1756 1475 1841 Lycus.
1508 1777 1578 1822 cum
1597 1755 1699 1818 Marte
1720 1753 1851 1818 Astero-

1365 1887 1415 1948 pe‚
1434 1885 1472 1928 ex
1490 1883 1554 1945 qua
1572 1862 1759 1927 Oenomaus.
1785 1859 1852 1924 Mo·

1366 1993 1443 2055 rope
1467 1991 1537 2034 cum
1561 1967 1702 2053 Sisypho.

1368 2983 1462 3038 XXlll
1490 2982 1680 3037 Tasumossa:
1716 2983 1893 3050 interpolator

1502 3071 1559 3138 fab.
1578 3071 1682 3142 Hypios.
1701 3075 1765 3126 192.

1401 3180 1414 3218 a
1434 3161 1519 3216 fuisse
1534 3162 1638 3230 priore,
1658 3177 1719 3216 esse
1738 3161 1826 3214 altero
1841 3160 1892 3212 loco

1366 3251 1427 3306 BP.
1490 3250 1593 3318 equod
1611 3265 1669 3316 sex,
1706 3255 1831 3305 anatum
1845 3265 1891 3317 po·

1366 3340 1480 3395 stertere
1503 3340 1560 3394 loco
1584 3339 1692 3393 οπιίεοα.
1799 3355 1824 3393 τι
1844 3353 1892 3406 qua

1366 3430 1479 3498 acrapsi:
1497 3429 1557 3497 quis
1572 3429 1676 3498 priore,
1696 3427 1793 3496 quibus
1811 3427 1891 3480 altero

1367 3519 1425 3573 loco
1442 3518 1503 3586 BP,
1528 3518 1603 3586 quod
1621 3533 1655 3572 ea
1675 3519 1691 3572 6
1709 3517 1763 3570 hac
1780 3515 1890 3584 irrepsit.

1368 3624 1394 3663 u
1420 3608 1536 3678 Sisypho
1559 3609 1712 3675 posteriore
1743 3606 1801 3659 loco
1832 3603 1892 3669 ΒΡ,Ι

1368 3702 1467 3750 ccntro
1491 3697 1586 3763 priore
1613 3696 1754 3766 sisyptona
1776 3695 1809 3748 B.
1829 3691 1890 3763 epsi-

1368 3791 1451 3854 ptouo
1470 3785 1503 3840 P.

398 4409 496 4463 Αυιζια.
517 4425 540 4462 υ.
560 4413 622 4464 573.
659 4407 703 4462 his
721 4407 836 4478 genitor,
856 4424 920 4463 vero
937 4408 962 4464 si
980 4408 1061 4464 fluxit
1079 4409 1174 4464 fabula
1191 4408 1275 4474 fonte,
1294 4407 1303 4479 ll
1321 4409 1428 4465 Poenus
1446 4387 1534 4476 atlas,
1553 4411 1638 4464 subiit
1656 4412 1748 4466 celsae
1768 4411 1812 4479 qui
1831 4423 1887 4478 poc·

364 4499 431 4553 clera
449 4497 528 4552 molis
547 4497 556 4569 ll
575 4497 704 4567 caeliger,
724 4505 807 4566 atque
826 4515 920 4554 umero
939 4515 1065 4568 magnum
1085 4514 1168 4567 super
1187 4499 1302 4552 aethera
1320 4505 1447 4568 torquet·

399 4604 423 4641 υ.
443 4591 506 4641 598.
545 4587 610 4656 quin
630 4588 763 4657 Meropen
782 4587 831 4641 alii
852 4595 997 4658 postquam
1016 4587 1162 4658 Sisypheia
1181 4586 1272 4642 vincla
1289 4587 1299 4659 ll
1317 4593 1345 4643 et
1365 4589 1499 4644 thalamos
1518 4605 1616 4645 scaevo
1634 4589 1732 4644 sortita
1751 4596 1793 4644 est
1809 4585 1887 4642 omine
1944 4648 1945 4672 η

365 4677 456 4732 divum
475 4677 484 4747 ll
502 4677 643 4746 indignam
662 4676 739 4732 aeria
758 4678 873 4733 credunt
891 4694 970 4746 mage
989 4678 1055 4732 sede
1074 4676 1167 4732 luisse.
1944 4675 1945 4678 ’

398 4765 507 4820 Ενδοο.
523 4783 552 4833 p.
572 4769 635 4820 339.

402 4853 443 4922 Os.
467 4853 663 4924 Gotaloporam
679 4855 838 4925 sraaneata
856 4854 913 4908 III
924 4872 954 4923 μ,
974 4859 1011 4908 42
1029 4873 1049 4910 ο.
1070 4861 1095 4910 ct
1113 4855 1192 4910 XIV
1206 4857 1255 4911 aab
1277 4857 1371 4910 Tauro
1387 4873 1416 4924 μ.
1436 4861 1497 4912 110.

400 4937 576 5012 εὴαδδέδιῖ
651 4939 846 5015 εέπτόπορος
869 4939 1394 5015 Ψδαιποιοίιιίαεεἑπτάστερονῑιδτι.
1415 4945 1642 5015 cfip.110,30.
1714 4963 1748 5002 τι.
1763 4963 1788 5002 aa
1801 4937 1884 5002 διόπερ
1944 4937 1945 4962 ³

365 5027 475 5106 ἀφανής
493 5031 691 5105 Kieesliaqias:
710 5030 753 5088 διὸ
772 5027 940 5104 παναφανής
958 5033 1028 5088 toa.
