3906 5800
176 447 266 500 senon,
285 443 378 514 Genu.
398 443 430 498 G.
449 461 475 514 p.
497 445 556 508 125,
575 443 617 498 22.
969 489 973 504 ,
1062 441 1192 497 llnennue
1210 441 1246 510 11,
1265 441 1306 497 25.
1515 439 1557 507 85

814 621 949 706 denique
977 643 1102 688 eausam
1134 622 1313 705 pervenisse
1339 643 1439 704 usque
1468 642 1513 696 eo,
1612 619 1667 674 ΙΧ-

814 730 888 794 <lum
908 730 1066 796 diceretur
1083 749 1214 794 aeneum
1234 751 1332 814 genus
1350 729 1513 794 hominum
1596 710 1682 778 Viryo.

815 841 931 900 uotum.
976 837 1083 920 itaque
1107 857 1175 902 eom
1198 858 1260 902 non
1284 837 1423 920 poluisse
1445 837 1512 919 poli

814 943 948 1026 amplius
967 949 1000 1008 et
1017 943 1058 1008 nd
1078 943 1183 1010 sidera
1201 945 1348 1010 evolasse.

122 1371 255 1444 Nonnulli
290 1395 359 1440 enm
390 1374 480 1442 aiunt
507 1397 575 1442 osee
608 1373 763 1453 Cererem,
858 1369 920 1436 Sed
938 1371 1020 1438 hono
1038 1371 1094 1436 nlii
1108 1373 1253 1437 Cererem
1272 1370 1326 1436 alii
1341 1371 1512 1436 Fortunam

90 1479 193 1561 quidam
210 1501 283 1545 vero
298 1481 469 1548 Fortunam
487 1504 545 1567 pro
566 1503 612 1558 eo,
631 1483 714 1566 quod
729 1491 762 1548 et
814 1479 974 1556 dixerunt,
1001 1484 1034 1543 el
1056 1478 1116 1544 hoe
1138 1481 1238 1564 magis
1261 1479 1405 1544 convenit
1427 1479 1511 1562 qued

61 1589 139 1650 ruine
155 1589 252 1670 eapite
270 1609 340 1654 enm
358 1591 501 1674 pingunt.
814 1593 908 1670 enput
926 1587 994 1650 eius
1016 1585 1147 1652 nimium
1166 1585 1331 1652 obscurum
1351 1586 1483 1650 videtur.
1524 1597 1556 1648 lo

791 1712 793 1726 ¹
858 1693 1007 1758 Nonnulli
1035 1714 1102 1758 enm
1126 1693 1286 1775 Erigonen
1310 1693 1389 1758 leoni
1413 1691 1510 1756 filiam

814 1800 975 1877 dixerunt,
999 1801 1038 1865 de
1056 1822 1120 1885 quo
1138 1821 1234 1884 supro
1253 1801 1396 1865 diximus.

308 2139 335 2192 p.
356 2123 415 2188 126,
437 2125 477 2178 1e.
1127 2121 1176 2188 ιιι,
1195 2122 1238 2176 24.

119 2228 214 2296 llnbet
226 2235 333 2295 nutem
347 2231 456 2296 stellas
470 2232 503 2297 in
518 2233 621 2316 eapite
635 2231 761 2316 quidem
859 2226 961 2294 Huius
984 2229 1016 2294 in
1035 2230 1137 2314 eapite
1157 2237 1205 2295 est
1226 2230 1320 2294 stelle
1337 2227 1470 2294 obseura
1489 2228 1512 2306 l,

85 2335 228 2400 nlnournnn
243 2359 346 2414 ornem,
361 2339 392 2402 in
407 2360 594 2424 unnequaque
609 2339 762 2417 alannus,
814 2334 957 2418 utrisque
981 2335 1011 2400 in
1037 2337 1152 2402 umeris
1180 2336 1335 2420 singulae,
1363 2337 1395 2402 in
1419 2338 1512 2400 utris-

86 2444 108 2504 in
135 2444 259 2526 singulis
292 2445 408 2510 orneris
442 2447 594 2530 singulos,
628 2447 658 2511 in
684 2469 761 2513 nno-
814 2461 875 2522 que
898 2446 1009 2525 pennis
1038 2443 1143 2522 binae,
1171 2465 1303 2528 qnorum
1327 2463 1390 2508 una
1412 2444 1512 2521 stelle„
1617 2438 1622 2449 ’

85 2571 186 2634 qunque
205 2551 312 2616 cubito
331 2573 438 2632 unam,
461 2555 494 2618 in
513 2554 643 2636 singulis
662 2555 760 2618 mani·
815 2569 895 2632 quae
919 2554 967 2614 est
990 2550 1023 2613 in
1046 2551 1158 2616 dexlnn
1180 2572 1283 2635 penne
1305 2553 1346 2615 nd
1370 2573 1511 2616 umerum

53 2655 128 2718 nilus
144 2659 288 2741 singulos,
307 2660 339 2722 in
358 2660 494 2744 pennula
506 2662 683 2725 vestimenti
699 2681 761 2737 sex,
815 2653 931 2732 defixo,
955 2649 1193 2745 Προτρυγητῆρ
1212 2665 1348 2724 vocetur.
1377 2659 1424 2742 (in
1448 2657 1557 2723 sin-20

85 2764 107 2826 in
127 2786 307 2850 unoquoque
329 2767 409 2849 pede
427 2789 529 2830 unnm.
563 2773 636 2832 sunt
654 2789 761 2832 ‹nrnnes
816 2763 897 2844 gulis
915 2762 1030 2829 cubitis
1048 2765 1210 2850 singulos).
1237 2771 1403 2848 praeterea
1416 2765 1513 2830 hebet

31 2929 32 2940 .
83 2871 171 2936 (lenm
189 2881 222 2936 el
240 2895 359 2937 noveni.
816 2871 847 2934 in
880 2872 1023 2953 utrisque
1054 2873 1198 2938 monibus
1230 2873 1368 2956 singulas
1397 2871 1513 2948 stelles,

815 2999 945 3060 (luorum
966 2999 1047 3062 qnae
1065 2985 1113 3043 eet
1128 2981 1159 3042 in
1179 2981 1308 3046 sinistro
1325 3001 1430 3056 manu,
1449 3001 1512 3044 nna·

816 3087 863 3149 ior
896 3091 929 3148 et
961 3085 1083 3150 clarior.
1153 3107 1191 3152 ea
1222 3082 1354 3171 Στάχυς
1387 3087 1511 3152 dieitur.

816 3191 848 3256 in
877 3197 961 3256 vesle
992 3199 1098 3258 autom
1126 3191 1224 3258 hebel
1256 3194 1372 3277 passim
1404 3195 1555 3277 dispo-25
1655 3235 1658 3242 ·

815 3299 892 3363 siles
915 3298 1024 3363 stellas
1043 3299 1086 3363 Vl
1106 3306 1139 3365 et
1157 3301 1190 3364 in
1213 3302 1355 3382 ulnisque
1378 3298 1512 3384 pedibus

815 3406 962 3490 singulos.
1018 3407 1064 3470 ita
1100 3413 1149 3472 eet
1173 3407 1316 3472 ‘omnino
1351 3407 1513 3472 stellarum

815 3512 947 3577 XVlllI.

850 3851 862 3892 e
883 3849 942 3892 enni
966 3833 1207 3891 ll'zlomowilrn'ns:
1226 3835 1279 3892 iem
1299 3835 1369 3892 libri.

851 3941 934 3981 onon
959 3925 1085 3980 convenil
1108 3924 1180 3981 inter
1203 3943 1249 3982 eos
1272 3927 1348 3982 lteri:
1370 3941 1424 3979 non
1443 3928 1467 3977 el
1487 3922 1559 3978 inter

816 4031 862 4070 eos
882 4015 974 4070 delevi.

852 4123 878 4161 ιτ
896 4105 924 4159 in
943 4104 1044 4159 umeris
1069 4103 1098 4159 V.
1113 4104 1140 4158 in
1160 4121 1210 4158 om.
1230 4103 1288 4158 alii.
1366 4121 1398 4159 ro.
1410 4119 1435 4159 nr
1455 4102 1483 4156 iu
1503 4101 1558 4156 ein·

815 4193 887 4262 gulis
903 4193 1003 4249 cubilis
1018 4193 1140 4262 singulos
1156 4193 1264 4247 addidi.
1315 4210 1340 4248 no
1352 4198 1414 4261 post
1430 4207 1557 4260 quarum:

816 4298 871 4337 nnn
899 4283 928 4336 D
955 4283 1071 4352 aliique,
1104 4283 1179 4350 quod
1205 4289 1277 4337 recle
1304 4281 1439 4336 omittitur
1465 4281 1497 4332 in
1529 4279 1558 4334 V.

817 4371 929 4426 sinistro
947 4372 1060 4440 scripsi:
1077 4373 1174 4426 dextre
1193 4371 1264 4426 libri.
1403 4387 1429 4426 nl
1448 4363 1559 4438 Στάχυς

825 4460 1062 4516 Wilamowilzn'ns:
1093 4478 1153 4514 curn
1187 4461 1271 4530 epicis
1305 4476 1365 4516 esse
1393 4459 1496 4514 dicitur
1528 4458 1558 4528 V,

817 4621 985 4692 conspicitur
998 4621 1035 4676 D.
1050 4623 1081 4676 in
1100 4623 1247 4692 archetypo
1262 4549 1408 4677 Cllllllllc
1426 4621 1560 4686 emplum

817 4717 891 4766 orel:
914 4711 1046 4766 librarius
1065 4713 1085 4766 C
1104 4729 1155 4766 oon
1173 4711 1215 4764 nel
1238 4727 1298 4766 cum
1318 4727 1373 4764 esee
1390 4708 1489 4763 stolide
1504 4725 1559 4775 pn-

818 4802 894 4857 lonit.
1092 4819 1117 4858 no
1136 4802 1174 4856 Vl
1192 4800 1302 4868 senon:
1320 4800 1372 4854 Vll
1394 4799 1456 4869 GV,
1477 4797 1507 4890 X·
1522 4796 1559 4851 D.

817 4909 843 4947 ss
864 4892 969 4946 Xl'llll
990 4890 1026 4945 I).
1047 4891 1137 4945 Xl'lll
1164 4891 1191 4945 Γ.
