3906 5800
250 471 349 525 Scsou.
369 470 461 524 Grau.
482 469 513 524 G.
533 487 558 538 p.
582 471 638 530 158,
658 471 681 524 7.
1136 469 1265 522 Hrorscs
1284 467 1318 530 ll,
1338 469 1379 520 ⁸27.
1569 463 1625 532 151

183 648 290 714 Habet
312 656 417 714 autem
440 648 547 713 stellas
566 649 598 712 in
617 650 749 733 siugulis
767 671 835 714 cor·
933 648 994 712 Hic
1017 647 1112 711 helret
1136 647 1183 730 lin
1202 645 1336 728 'singulis
1359 643 1504 710 cornibus
1524 644 1587 709 siu-

138 755 231 822 nibus
254 755 300 832 ΙΙ,
328 755 361 819 in
384 755 513 820 naribus
535 755 652 820 claram
675 755 703 832 1,
725 755 759 821 in
782 777 835 820 oa·
890 755 1004 840 gulas),
1023 755 1054 816 in
1074 773 1150 818 naso
1169 752 1292 816 stellam
1307 751 1331 829 1,
1350 753 1398 836 (in
1416 752 1519 834 capite
1532 741 1588 835 ll),

137 863 204 946 pite
226 862 273 939 II,
296 861 354 928 sub
378 861 459 927 collo
482 861 512 938 Ι,
534 863 567 926 in
590 868 717 946 pectore
739 863 782 938 II,
805 863 836 926 in
891 861 974 925 infra
997 861 1131 924 cervices
1154 858 1178 936 Ι,
1201 859 1233 923 in
1258 865 1384 942 pectore
1407 857 1449 935 II,
1472 858 1504 921 iu
1523 858 1588 940 pri·

135 969 290 1034 anteriori
317 970 397 1054 pede
420 969 449 1045 Ι,
478 971 510 1032 in
537 969 717 1034 summitate
741 969 837 1052 ipsius
891 989 945 1032 ore
968 968 1048 1050 pedo
1062 965 1086 1043 Ι,
1110 966 1143 1031 in
1167 987 1288 1030 summo
1312 966 1421 1030 eodem
1444 965 1587 1040 alteram,

108 1076 230 1158 opedis
252 1077 278 1153 Ι,
300 1077 333 1142 in
357 1076 449 1142 dorso
471 1075 539 1154 Vll,
562 1077 595 1140 in
619 1084 726 1140 ventre
748 1075 782 1153 V,
805 1079 836 1140 in
892 1075 923 1136 in
952 1073 1166 1156 interscapilio
1190 1071 1264 1148 Vll,
1296 1073 1328 1136 in
1356 1076 1466 1136 ventre
1487 1071 1526 1150 V,
1553 1072 1586 1134 in
1615 1082 1632 1134 o

137 1182 261 1248 caudae
284 1189 425 1249 extremo
448 1182 548 1248 claras
567 1181 607 1247 ΙΙ.
639 1189 712 1248 sunt
731 1205 838 1250 omnes
892 1181 991 1246 cunda
1010 1179 1050 1244 Il.
1083 1181 1208 1245 omnino
1228 1184 1276 1245 est
1293 1179 1455 1244 stellarum
1474 1176 1587 1242 XXIV.

136 1289 253 1354 XXVI.

704 1597 1019 1604 ———·----·—-————

383 1627 408 1679 p.
430 1610 489 1674 res,
508 1611 550 1663 ss.
1210 1607 1244 1670 u,
1264 1609 1306 1662 ar.

89 1727 124 1779 10
184 1715 390 1800 Sagittarium
400 1717 837 1784 nonnulliCcntaurumluisso
935 1717 1025 1781 Hunc
1048 1717 1223 1799 complures
1242 1714 1433 1780 Centaurum
1453 1734 1519 1778 csse
1538 1713 1585 1778 di·
1597 1723 1630 1775 10
1640 1711 1700 1763 ΧΧ
1706 1711 1787 1764 VIII·

135 1827 306 1888 autumant
319 1830 448 1907 propter
462 1826 686 1908 equinacrura
709 1825 836 1909 quidam
888 1829 1015 1898 xerunt3
1037 1823 1093 1888 alii
1115 1827 1221 1888 autom
1239 1821 1300 1886 hac
1317 1822 1358 1886 dc
1377 1840 1470 1885 eausa
1488 1839 1584 1902 noga-

135 1936 270 2014 negant,
303 1930 441 1997 dicentes
467 1953 637 2018 numquam
664 1931 836 1996 Centauros
888 1935 1013 2007 verrunt,
1041 1930 1125 2012 quod
1148 1949 1239 1994 nemo
1263 1927 1437 1992 Centaurus
1460 1925 1585 2008 sagittis
1674 1906 1733 1944 ”¹⁶³

1648 1800 1771 1869 Supitta·

136 2037 274 2118 sagittas
300 2059 374 2104 usos
396 2039 500 2104 fuisse.
546 2039 708 2104 Sositheus
730 2044 836 2118 autem
890 2037 932 2104 sit
955 2059 1036 2102 usus.
1078 2036 1131 2101 hic
1153 2040 1258 2100 autem
1280 2033 1452 2116 quaeritur,
1475 2053 1530 2097 our
1553 2053 1585 2096 e-

136 2144 228 2209 illum
256 2144 405 2211 adfirmat
426 2145 524 2211 filium
549 2145 708 2210 Musarum
730 2144 835 2210 luisse.
890 2143 993 2228 quinis
1003 2141 1146 2208 cruribus
1155 2143 1197 2206 sit
1207 2139 1401 2206 deformatus
1411 2143 1443 2204 et
1453 2139 1586 2204 caudam

889 2251 1007 2316 habeat
1024 2257 1060 2315 ut
1073 2247 1186 2334 Satyri.
1219 2247 1329 2312 dicunt
1347 2245 1429 2311 enim
1444 2244 1587 2310 nonnulli
1600 2255 1632 2308 15

889 2356 972 2420 hunc
999 2376 1066 2420 esse
1090 2354 1219 2421 Crotum
1242 2353 1381 2429 nomine,
1409 2350 1588 2435 Euphemes

890 2463 1052 2527 Musarum
1062 2461 1192 2526 nutricis
1203 2458 1312 2538 filium,
1322 2467 1357 2524 ut
1367 2459 1414 2524 ait
1423 2444 1587 2524 Sositheus

888 2569 1123 2654 tragoediarum
1138 2569 1279 2650 scriptor.
1309 2587 1380 2631 eum
1394 2564 1587 2629 domicilium

888 2676 922 2742 in
954 2680 1059 2740 monte
1091 2674 1243 2740 Helicone
1274 2672 1421 2738 habuisse
1453 2677 1486 2736 et
1517 2691 1588 2734 cum

889 2782 988 2848 Musis
1007 2783 1135 2846 solitum
1155 2780 1314 2856 delectari,
1337 2800 1399 2844 non
1418 2798 1588 2862 numquam
1597 2785 1632 2840 20

889 2888 985 2954 eliam
1000 2889 1105 2954 studio
1121 2887 1295 2953 venationis
1310 2885 1457 2951 exerceri.
1480 2883 1587 2968 itaque

889 3017 946 3080 pro
969 2995 1082 3060 merita
1104 2993 1272 3078 diligentia
1293 3011 1439 3074 maguam
1462 2990 1588 3054 laudem

889 3103 1084 3177 adsecutum3
1104 3123 1176 3166 nam
1196 3104 1228 3164 ct
1242 3097 1439 3164 celerrimum
1453 3099 1487 3162 in
1502 3095 1588 3162 silvis

889 3214 922 3276 ct
947 3208 1162 3274 acutissimum
1191 3207 1223 3270 in
1250 3206 1348 3269 musis
1371 3203 1488 3269 factum
1512 3223 1587 3268 esse.

884 3338 946 3399 ,pro
970 3337 1031 3398 quo
1054 3316 1159 3381 studio
1182 3311 1268 3376 illius
1286 3311 1402 3394 petisse
1422 3309 1527 3374 Mimas
1545 3307 1632 3373 abac

890 3422 975 3499 love,
1006 3427 1043 3487 ut
1074 3423 1107 3486 in
1138 3419 1244 3502 aliquo
1276 3422 1433 3482 astrorum
1459 3435 1588 3480 numero

890 3525 1131 3602 deformaretur;
1176 3526 1284 3606 itaque
1324 3523 1429 3590 lovem
1470 3521 1589 3597 fecisse,

890 3641 923 3700 et
949 3657 1019 3700 cnm
1043 3635 1149 3700 omnia
1170 3632 1255 3696 illius
1278 3629 1414 3696 artificia
1435 3651 1498 3695 uno
1521 3649 1589 3694 cor·

890 3763 966 3825 pore
980 3742 1075 3806 vellet
1089 3737 1276 3822 significare,
1291 3759 1384 3802 crura
1398 3739 1464 3802 eius
1473 3737 1590 3818 equina

890 3847 1010 3925 fecisse,
1033 3847 1117 3931 quod
1135 3867 1215 3930 equo
1233 3845 1367 3909 multum
1385 3843 1427 3908 sit
1446 3846 1590 3918 usus,et
1599 3849 1634 3902 30

10 4088 13 4099 ¹
131 4029 209 4084 Dedi
225 4045 259 4082 ex
279 4029 306 4083 S.
327 4045 376 4082 om,
399 4027 431 4081 G.
927 4043 946 4078 1.
976 4041 988 4078 2
1017 4028 1043 4076 in
1077 4023 1192 4092 siugulis
1220 4022 1347 4076 cornibus
1375 4019 1497 4088 singulas
1524 4017 1633 4071 addidi.

133 4139 183 4174 aa
212 4117 323 4170 deletum
354 4118 380 4170 in
410 4117 524 4185 singulis
552 4116 679 4170 cornibus
706 4115 836 4184 singulas.
892 4113 949 4168 sin
970 4111 1061 4182 capite
1077 4113 1101 4164 ll
1117 4111 1223 4164 addidi.
1261 4125 1395 4165 isummo
1414 4108 1524 4174 scripsi:
1543 4106 1634 4175 prlore

95 4227 106 4262 r
128 4207 234 4260 xxvi:
254 4205 364 4260 debebat
384 4205 483 4268 XXIV,
502 4205 559 4258 uisi
575 4205 692 4274 sicopolis
711 4205 838 4258 corardus
893 4201 967 4270 iibri,
992 4199 1066 4268 quod
1089 4216 1123 4253 ca
1142 4196 1370 4268 praecedentibus
1386 4209 1473 4262 prorae
1491 4197 1634 4262 repetitum

95 4297 178 4349 tinae
195 4295 288 4349 stellas
303 4311 357 4362 pro
376 4293 494 4364 siapulr's
513 4294 655 4347 tntumset.
892 4295 937 4343 cst.
980 4295 1070 4358 epost
1089 4289 1242 4343 stellarum:
1263 4285 1328 4340 ordo
1346 4283 1381 4338 a.
1419 4283 1511 4336 XXIV
1529 4283 1634 4350 scripsi.

893 4377 984 4433 XXVI
1003 4376 1096 4432 Dec.
1134 4377 1186 4430 XX
1205 4375 1294 4444 culpo.

927 4483 992 4524 sr-ss
1016 4467 1110 4535 itaque
1138 4481 1187 4534 pro
1216 4461 1314 4518 merita
1342 4461 1486 4530 diligentia
1509 4475 1634 4528 magnam

892 4556 1001 4611 laudem
1020 4557 1193 4610 adsecutum:
1214 4552 1277 4621 leplt
1296 4548 1495 4620 ἐπισημασίαις
1514 4545 1635 4603 ἐπαινεῖ-

892 4649 970 4700 σθαι.
1034 4651 1098 4700 sset
1118 4642 1157 4698 G:
1175 4649 1206 4696 ut
1228 4641 1317 4695 ceteri.
1346 4647 1374 4696 at
1392 4637 1564 4694 secacum
1582 4653 1637 4691 csse

892 4736 950 4788 iam
969 4731 1124 4798 Setefferas
1142 4731 1281 4785 intelleoeit.
1341 4743 1447 4798 scoquo
1467 4729 1580 4782 multum
1600 4725 1637 4780 sit

892 4837 969 4877 usus:
990 4837 1059 4891 equo
1079 4821 1163 4874 mulio
1182 4825 1258 4874 satus
1277 4825 1350 4873 esset
1369 4817 1402 4872 R.
1419 4821 1434 4870 1
1449 4833 1482 4870 m.
1504 4815 1637 4884 (secumda

893 4928 994 4965 monus
1013 4911 1148 4977 correxit)
1186 4923 1256 4977 equo
1276 4908 1320 4962 vel
1338 4908 1411 4962 mulo
1431 4912 1545 4962 venatus
1565 4910 1638 4960 esset

893 5001 1035 5069 temptauit
1053 4999 1223 5052 Bassianus.
