3908 5802
504 665 709 744 verterentur,
720 661 765 753 ³⁴)
802 683 840 730 eu
879 663 997 730 dieitur
1038 661 1085 728 iu·

506 770 701 858 quisisse.³⁶)

22 987 169 1051 dubitari
193 991 298 1070 potest
321 987 360 1052 de
382 1007 533 1053 consensu
555 988 588 1050 in
611 987 743 1071 septimo
767 987 874 1070 signo:

214 1183 273 1238 vll.
721 1183 809 1250 pao,
832 1183 871 1236 10.

75 1278 453 1376 'tbgdrpcudrogivulgo
550 1289 702 1370 Nigidius
719 1289 757 1353 de
773 1287 866 1352 tireio
887 1290 994 1354 eudem
1012 1289 1087 1352 dicit
1183 1287 1380 1371 Sagittarius
1453 1284 1562 1350 Cretes

20 1389 453 1482 arirdgeorr.Woelfflinius)
506 1396 667 1482 (nimirum
703 1419 741 1462 ae
778 1395 883 1480 paullo
919 1401 1013 1460 antea
1049 1417 1087 1461 ex
1153 1396 1227 1460 dius
1236 1381 1370 1460 nutriris
1379 1393 1560 1472 Musarum,

19 1495 110 1587 μετὰ
131 1509 201 1567 τῶν
218 1505 366 1566 Μουσῶν
381 1495 453 1568 rive·
507 1503 738 1572 Catasterismis
762 1503 1000 1588 narravit),'sed
1022 1521 1086 1568 aon
1140 1521 1230 1585 quem
1245 1502 1360 1566 Marsae
1377 1497 1496 1580 seraper
1512 1499 1561 1562 di-

20 1606 153 1696 rpriup·
175 1607 303 1692 ἐλέγετο
319 1605 452 1694 ὁὲΚρό-
506 1613 721 1676 conversatam
742 1610 856 1687 Musio,
880 1611 935 1674 sed
952 1630 1087 1689 ...pro-
1140 1607 1431 1691 ieaeuuntee,quod
1441 1607 1562 1687 plausu

22 1739 99 1792 τος·
131 1705 229 1792 οὗτος
252 1713 382 1799 ἐγένετο
407 1716 453 1781 dr·
507 1717 557 1782 eut
593 1717 735 1780 abditum
770 1717 932 1797 repentino
963 1715 1087 1796 pterea
1140 1721 1168 1780 et
1196 1717 1269 1780 lusu
1295 1715 1487 1798 sagittarum
1509 1733 1562 1778 eas

21 1819 116 1910 φυής
140 1823 246 1909 (uulgo
269 1814 416 1908 εὐφυής).
507 1823 723 1908 obiectasse³⁶)
751 1827 896 1887 currentes
1002 1823 1087 1905 quod
1140 1827 1294 1888 auocaret.

506 1934 582 1996 esset
603 1931 738 1994 nutriris
761 1949 872 1996 earum
893 1929 990 2010 fitius.

119 2179 264 2261 Nigidius
293 2179 390 2262 igitur
414 2178 543 2244 Crotum
570 2199 639 2243 eum
663 2179 761 2243 Musis
789 2183 1005 2244 conversatum
1032 2201 1098 2244 osse
1132 2181 1264 2264 negavit.
1314 2184 1348 2242 ut
1376 2200 1437 2260 quo
1470 2178 1562 2242 modo

19 2283 213 2350 tunrsimul
235 2308 305 2350 eum
329 2287 374 2350 eis
396 2285 546 2351 educatus
566 2306 632 2350 esse
650 2286 773 2370 potest?
811 2287 843 2350 ni
867 2286 969 2362 fallor,
993 2286 1071 2350 nibil
1099 2287 1186 2352 aliud
1214 2287 1266 2350 ille
1294 2284 1433 2350 indicare
1457 2284 1563 2359 uoluit,

19 2393 83 2456 uisi
114 2391 243 2455 Crotum
267 2414 329 2455 non
352 2413 457 2456 eoram
480 2391 592 2468 Musis,
615 2393 670 2456 sed
693 2393 801 2478 procul
824 2391 967 2458 abditum
991 2393 1155 2475 plausisse;
1184 2415 1256 2458 uani
1279 2415 1349 2458 eum
1373 2399 1473 2456 muter
1496 2391 1563 2455 eius

20 2499 127 2582 ipsius
155 2497 275 2580 Nigidii
307 2499 487 2564 testimonio
515 2501 621 2565 nutrix
648 2499 808 2564 Musarum
837 2498 944 2574 suerit,
977 2521 1049 2563 omn
1081 2501 1173 2565 simul
1210 2523 1281 2564 eum
1316 2499 1362 2563 eis
1391 2497 1563 2562 adolevisse

20 2610 270 2670 cousentaneum
293 2612 347 2669 est.
393 2605 433 2669 do
456 2603 575 2670 Cunero
599 2607 753 2691 interpres
777 2605 955 2672 Germanici
978 2593 1146 2690 Nigidiani
1166 2630 1228 2672 uon
1251 2606 1420 2682 meminit,
1447 2606 1502 2670 sed
1525 2626 1563 2668 ex

24 2711 171 2795 Ampelio
199 2712 347 2778 discimus
379 2711 467 2775 illum
494 2713 559 2776 aliu
580 2735 642 2777 non
675 2713 857 2791 tradidisse,
889 2735 983 2796 quam
1009 2735 1088 2798 quae
1121 2715 1153 2778 iu
1181 2713 1412 2779 Catastorismis
1440 2733 1563 2795 quoque

22 2827 157 2884 narrata
184 2825 281 2884 erant.
328 2819 435 2903 itaque
459 2825 588 2904 possunt
611 2825 695 2884 corto
721 2819 863 2886 Dosithei
886 2811 991 2897 verba,
1019 2825 1167 2906 corrupta
1189 2843 1264 2887 suino
1288 2821 1419 2886 necdum
1447 2817 1562 2903 preba-

23 2927 136 2991 biiiter
155 2926 312 3002 restituta,
331 2927 508 3012 Καρκίνος,
532 2917 584 2990 ὅτι
601 2919 683 3010 μεθ’
702 2920 898 3012 Ἡρακλέους
916 2917 1021 3013 iidpuv
1045 2923 1186 3009 ἔσφαξεν
1210 2949 1247 2992 ex
1266 2927 1393 3012 Nigidio
1418 2932 1564 3010 excerpta

25 3055 103 3097 esse.
136 3031 264 3096 Libram
279 3033 470 3108 scholiastes
489 3033 637 3116 qrrouiam
652 3031 854 3099 Germanicus
875 3035 1007 3098 Aratum
1025 3041 1151 3100 secutus
1170 3034 1313 3099 undecim
1333 3039 1455 3100 tantum
1475 3033 1563 3116 signa

27 3145 201 3214 enumerat,
223 3140 334 3203 emisit.
380 3141 442 3204 ium
469 3139 566 3223 igitur
589 3142 651 3204 tria
674 3147 794 3206 restant
821 3141 923 3224 signu,
951 3142 990 3206 de
1014 3139 1128 3225 quibus
1151 3162 1232 3225 quae
1255 3141 1423 3206 Dositheus
1446 3143 1564 3213 narrat,

28 3245 144 3308 mirum
180 3245 213 3307 in
245 3247 369 3308 modurn
402 3245 503 3310 tribus
541 3267 579 3310 ex
610 3246 673 3311 illis
715 3253 864 3332 quattuor
900 3247 1134 3312 narrationibus
1170 3247 1374 3331 respondent,
1415 3267 1493 3331 quas
1526 3267 1563 3310 ex

29 3351 160 3434 Nigidio
182 3349 380 3416 scholiastam
403 3353 570 3436 sumpsisse
593 3375 688 3438 supra
710 3352 816 3420 statui.
863 3355 918 3419 sod
942 3356 1009 3438 ipsu
1031 3355 1128 3420 verbu
1150 3355 1326 3420 considera:

155 3581 325 3635 Dusrrnsvs.
506 3583 641 3636 Nromrvs
665 3584 789 3637 Fruvnvs
816 3600 847 3638 ru
870 3585 969 3639 Senon.
995 3585 1087 3639 Grau.
1252 3587 1400 3638 *suranus
1420 3585 1454 3638 ll.

216 3688 263 3742 ur.
722 3707 747 3758 1».
768 3693 810 3756 oo,
833 3692 871 3746 13.

73 3796 222 3878 didrpm·
236 3787 452 3884 Ἡρακλῆςκαὶ
550 3802 624 3862 serat
653 3798 709 3880 qui
736 3797 845 3861 (tierent
868 3797 1034 3863 Here-ulem
1060 3806 1089 3866 ot
1186 3797 1268 3862 Sient
1286 3801 1343 3881 qui
1360 3800 1469 3864 dieunt
1483 3799 1564 3863 Her-

29 3897 169 3986 opion,
200 3893 313 3988 ἐπειδὴ
338 3896 449 3988 ὁμοιο-
508 3905 657 3970 Theseum
682 3923 770 3970 esse.
792 3925 979 3988 ..reatuque
1007 3907 1088 3971 Her·
1142 3905 1240 3968 eidem
1258 3909 1286 3969 et
1302 3905 1460 3984 Theseum,
1481 3907 1566 3988 quod

28 4003 167 4090 τρόποις
182 4000 369 4094 ἀθλήμασιν
380 4011 449 4076 ive·
505 4011 587 4076 eules
602 4012 762 4077 duodecim
777 4011 874 4076 otidis
885 4011 1086 4100 perlectis&
1141 4011 1262 4078 similia
1272 4011 1361 4077 utbtu
1370 4015 1433 4078 sint
1450 4013 1564 4094 adepti.

28 4135 177 4194 ysrevro.
506 4137 530 4184 e.
555 4141 583 4202 q.
606 4142 629 4184 s.

119 4433 151 4494 Β4)
170 4431 209 4486 ad
227 4433 348 4487 homiues
367 4435 531 4504 pertinebat.
556 4451 629 4502 uuae
651 4437 813 4504 miritauuue
837 4455 909 4505 ureae
933 4438 972 4491 ud
989 4439 1136 4494 reti'Iitutem
1159 4439 1313 4493 borriiuibua
1337 4446 1480 4495 uterentur
1498 4456 1565 4508 trer-

29 4527 154 4576 tereutur
177 4521 306 4580 Urbinsst
329 4525 382 4578 BP.
402 4523 441 4579 ad
463 4524 585 4579 bernium
605 4525 771 4594 pertinebat,
796 4527 868 4594 quod
892 4544 941 4596 pro
959 4529 1124 4596 glossemate
1144 4530 1244 4595 habeo,
1269 4529 1367 4583 delevi.
1396 4531 1566 4584 Buchelerus

32 4617 138 4674 eontra,
162 4611 252 4665 verbis
278 4627 350 4680 quur
373 4613 412 4667 ad
434 4613 582 4668 utilitatem
604 4614 758 4670 bominibus
780 4619 925 4670 uteremur
944 4617 1056 4685 deletis,
1086 4619 1173 4672 locum
1197 4617 1237 4673 ita
1261 4618 1403 4672 constituit
1427 4621 1567 4688 stultaque

30 4713 104 4760 ureae
123 4699 162 4752 ud
180 4699 302 4754 boarium
316 4702 501 4768 pertinebant.

123 4787 156 4854 Μ)
176 4789 321 4855 inquierere
339 4791 392 4845 BP.
412 4791 589 4857 invenisses,
610 4793 682 4862 quod
701 4793 818 4848 tortasse
837 4800 969 4864 praestat.

122 4876 155 4942 ω)
174 4876 319 4932 oblectasse
338 4877 503 4950 Breysigius.
533 4881 683 4936 ooteuabat
701 4883 754 4937 BP.
774 4876 907 4938 oblectare
927 4883 1053 4940 Urbinas.

123 4965 156 5032 ⁸⁷)
175 4966 229 5020 Par
251 4973 294 5022 est
312 4967 453 5037 Nigidium
477 4969 560 5024 etiam
580 4971 613 5026 de
633 4971 734 5026 Thesei
758 4972 842 5027 athlie
861 4972 1036 5042 disseruiss03
1061 4975 1110 5029 sed
1130 4989 1162 5028 ea
1181 4973 1320 5043 interpres
1339 4973 1494 5030 Germanici
1515 4991 1567 5029 nen

30 5053 178 5124 exeerp'sit.

1319 5155 1355 5188 ·)·i=
