3920 5806
1609 401 1672 465 ‘247

86 567 207 632 Arati.
224 569 284 655 ¹⁸)
335 576 501 652 praeterea
531 571 668 655 pictores
695 593 733 636 ex
765 569 880 637 18111118
907 571 1095 640 sideralibus
1122 581 1310 658 argumenta
1336 577 1519 662 repetivisse
1551 579 1614 646 iam
1641 580 1675 645 in

88 675 373 760 Prolegomenis
394 699 424 761 p.
442 677 464 742 4
482 677 553 744 adn.
574 677 592 743 I
616 700 679 744 uno
702 684 786 744 certe
809 680 951 764 exemplo
969 682 1105 758 estendi3
1128 703 1165 748 ac
1187 681 1321 748 fortasse
1339 684 1434 750 otiam
1452 688 1577 769 pictura
1594 686 1673 752 Her-

89 783 242 848 81118881
267 789 380 862 81818,
402 785 435 850 18
458 806 521 869 qua
539 784 660 870 Cupido
677 786 744 852 Iovi
762 787 867 852 nescio
890 787 967 872 quid
990 788 1090 871 digito
1109 789 1251 855 indicans
1269 797 1526 875 repraesentatur
1544 793 1675 882 (Helbig

93 891 204 976 113),
240 891 298 958 ad
323 891 515 958 Phaenontis
542 891 681 958 fabulam
707 893 873 960 referenda
896 899 951 961 est.
997 916 1023 960 v.
1048 896 1166 962 Catast
1189 896 1298 980 fragm.
1321 897 1427 964 XLIII
1449 922 1479 983 p.
1505 900 1576 966 194.
1602 901 1673 967 195.

92 997 182 1085 quid
219 998 326 1084 quod
350 999 518 1083 singularis
540 1000 647 1083 aliqua
667 1001 798 1084 parietis
821 1001 1062 1068 Herculanensis
1085 1001 1200 1087 figura,
1227 1025 1291 1088 qua
1313 1006 1346 1070 in
1368 1005 1555 1090 explicanda
1575 1009 1673 1074 18181-

90 1113 221 1192 pretes
244 1105 379 1172 frustra
400 1107 641 1186 desudaverunt,
663 1107 749 1174 nullo
768 1108 831 1174 alio
849 1109 1023 1175 1118188181
1041 1131 1080 1176 ex
1098 1111 1233 1194 sphaera
1251 1111 1379 1178 caelesti
1395 1113 1538 1198 intellegi
1560 1119 1673 1198 potest.

93 1213 133 1280 in
161 1212 326 1280 basilica
346 1213 572 1282 Herculanensi
582 1214 625 1301 1l)
649 1215 776 1300 8318318
798 1215 921 1300 pictura
942 1215 1071 1283 inventa
1094 1224 1151 1296 881,
1174 1239 1268 1304 quam
1290 1224 1362 1302 post
1384 1219 1464 1285 alios
1486 1221 1604 1305 optime
1627 1223 1674 1286 in-

93 1320 277 1386 lustravit
308 1325 404 1408 atque
430 1322 470 1387 ad
494 1321 616 1405 Augam
639 1321 801 1406 Euripidis
824 1322 1022 1388 referendam
1045 1345 1112 1390 8888
1139 1326 1279 1391 88188111
1301 1326 1558 1394 Wilamovvitzius
1586 1351 1674 1396 meus

98 1430 133 1494 in
169 1427 359 1494 Analectis
389 1427 569 1513 Euripideis
600 1450 629 1512 p.
660 1429 722 1496 188
754 1451 782 1494 v.
810 1428 927 1514 Helbig
961 1431 1053 1496 1143.
1103 1431 1255 1498 Η8188188
1285 1434 1389 1517 pictus
1421 1440 1470 1500 est
1501 1434 1674 1518 Telephum

6 1531 7 1539 '
101 1557 124 1602 a
154 1557 269 1602 cerva
302 1536 458 1602 nutritum
489 1536 660 1613 inveniens,
683 1535 820 1602 Arcadia
845 1543 1025 1621 praesente,
1057 1538 1164 1604 divina
1190 1538 1305 1624 13818,
1332 1546 1365 1605 81
1392 1539 1564 1626 3811111888
1596 1542 1674 1608 11888

103 1644 233 1710 omnia
265 1643 373 1728 primo
402 1643 515 1710 obtutu
547 1643 714 1729 perspicua
745 1649 825 1710 sunt.
871 1645 927 1710 sod
955 1646 1045 1711 adest
1071 1645 1173 1712 altera
1199 1646 1311 1712 mulier
1337 1647 1437 1724 alata,
1463 1648 1557 1732 longa
1588 1654 1674 1714 vesto

105 1750 220 1818 rubra
246 1751 381 1829 induta,
404 1772 499 1818 mann
517 1751 646 1817 sinistra
663 1750 765 1835 spicas
782 1756 902 1831 tenens,
920 1773 1000 1838 quae
1019 1774 1058 1818 ex
1074 1775 1153 1838 rupe
1171 1758 1376 1837 prospectans
1394 1753 1523 1820 Herculi
1540 1776 1674 1839 puerum

106 1858 265 1926 indicat:
302 1858 395 1925 huius
426 1879 539 1926 nomen
571 1857 784 1944 quaerendum
811 1863 866 1925 est
915 1861 956 1925 de
983 1860 1125 1926 Victoria
1156 1882 1219 1926 non
1252 1859 1388 1927 debebat
1415 1861 1673 1927 Wilamovritzius

109 1967 289 2050 cogitare3
317 1985 389 2031 nam
416 1964 463 2030 illi
491 1965 595 2050 spicae
622 1965 675 2030 via
697 1965 891 2032 conveniunt.
937 1972 1113 2032 astantem
1135 1967 1264 2035 habitus
1286 1968 1380 2033 huius
1402 1967 1523 2053 figurae
1544 1990 1674 2053 prorsus

109 2075 218 2152 idem,
246 2094 346 2162 quem
369 2073 509 2156 Virginis
532 2072 628 2138 sideri
651 2071 803 2156 astrologi
829 2073 982 2139 tribuunt.
1028 2095 1102 2140 8881
1128 2074 1306 2160 Παρθένος
1333 2082 1366 2141 81
1388 2077 1457 2160 ipsa
1479 2075 1545 2142 alas
1568 2076 1674 2154 habet,

112 2182 259 2264 longam
285 2179 425 2246 tunicam
446 2183 563 2263 portat,
585 2199 680 2246 manu
703 2179 833 2246 sinistra
854 2181 956 2264 spicas
980 2186 1075 2247 18881.
1105 2181 1268 2247 8981881.
1291 2181 1402 2266 fragm.
1421 2183 1467 2248 IX
1485 2205 1514 2268 p.
1535 2184 1585 2249 84.
1610 2185 1673 2250 Iam

116 2289 235 2374 cogita
261 2287 432 2354 Herculem
454 2285 554 2352 filium
576 2307 666 2352 suurn
688 2288 722 2352 in
742 2286 949 2354 Parthenio
972 2293 1078 2354 monte
1100 2288 1268 2374 repperire.
1301 2289 1414 2367 omnia,
1436 2291 1556 2374 opinor,
1578 2289 1674 2373 plana

116 2403 212 2462 sunt:
249 2395 356 2480 pictor
383 2416 446 2460 non
474 2393 541 2459 sina
565 2394 734 2478 elegantia,
765 2400 802 2460 81
828 2394 1034 2461 Parthenium
1066 2395 1233 2474 indicaret,
1257 2395 1452 2481 Παρθένον,
1484 2417 1578 2479 quam
1605 2396 1673 2463 eius

118 2503 249 2570 montis
279 2503 371 2566 deam
399 2521 466 2566 8888
492 2505 548 2565 881
574 2500 642 2584 ipse
664 2499 798 2567 finxerat
820 2507 876 2567 aut
898 2502 983 2586 apud
1005 2507 1115 2586 poetae
1138 2503 1367 2570 Alexandrinos
1390 2503 1523 2588 legerat,
1545 2525 1672 2588 reprae-

15 2641 18 2704 1,
119 2611 280 2677 88818811.
314 2629 394 2694 quae
423 2607 591 2691 explicatio
615 2630 685 2673 oum
708 2608 787 2674 mihi
810 2608 985 2675 certissima
1007 2631 1075 2676 8888
1097 2610 1254 2687 81188181,
1276 2631 1352 2674 num
1379 2610 1490 2675 similis
1518 2611 1672 2696 quaedam

16 2713 18 2725 ’
122 2716 248 2801 figura,
283 2737 364 2800 quae
392 2716 425 2780 in
451 2715 611 2782 nonnullis
637 2716 811 2799 parietibus
839 2715 1038 2801 Pompeianis
1064 2716 1150 2801 picta
1168 2723 1228 2796 est,
1255 2719 1366 2782 eodem
1391 2718 1486 2783 modo
1514 2718 1671 2808 interpre-

120 2827 229 2890 tanda
254 2825 309 2902 sit,
331 2825 365 2888 in
386 2823 490 2889 medio
513 2823 689 2908 relinquere
717 2824 824 2890 debeo.
870 2824 961 2890 adest
987 2823 1066 2890 11888
1093 2823 1194 2909 figura
1216 2824 1354 2890 Adonidi
1378 2824 1520 2890 nascenti
1543 2822 1674 2911 (Helbig

125 2931 250 3018 1390),
285 2929 419 2996 18118888
451 2931 553 2996 811818
585 2931 748 2996 vulnerato
780 2928 909 3016 (Helbig
937 2929 1030 3016 331),
1062 2935 1184 3015 spectat
1214 2932 1352 3018 puellam
1377 2931 1465 2996 illam
1492 2931 1673 3015 piscantem,

125 3039 219 3106 cuius
254 3037 361 3104 adhuc
395 3058 508 3104 nomen
540 3037 703 3122 ignoratur
739 3057 893 3124 quamque
924 3059 982 3121 pro
1014 3038 1136 3105 Venere
1173 3039 1225 3104 vix
1260 3044 1346 3106 recte
1381 3037 1524 3105 nonnulli
1554 3037 1674 3104 habent

126 3147 269 3234 (Helbig
292 3143 365 3210 354.
389 3143 497 3232 353r).
543 3145 610 3210 alas
633 3165 756 3229 semper
782 3144 879 3211 habet
900 3145 1056 3229 longaque
1082 3144 1191 3212 tunica
1217 3145 1332 3211 vestita
1360 3152 1420 3223 est,
1448 3145 1544 3211 semel
1566 3141 1673 3209 nimbo

129 3255 268 3338 insignis
292 3257 355 3330 est;
378 3255 434 3319 sed
458 3254 572 3318 desunt
594 3253 706 3336 spicae.
751 3251 929 3337 Helbigius‚
952 3253 1006 3338 qui
1028 3253 1109 3318 mira
1132 3253 1268 3338 quadam
1290 3249 1673 3336 88881881181188811311-

128 3384 199 3426 ram
224 3350 385 3427 Σκοπιὰν
408 3359 525 3425 8181818
549 3360 723 3438 88881818
745 3381 871 3426 cansam
893 3359 1035 3444 prolerre
1057 3359 1184 3444 poterit,
1208 3381 1263 3424 cur
1286 3359 1413 3444 scopulo
1436 3359 1505 3426 alae
1527 3357 1672 3424 tribuan-

130 3475 192 3534 tur.
221 3473 320 3550 atque
337 3489 378 3532 ne
398 3489 456 3550 pro
471 3466 601 3550 Virgine
618 3466 799 3544 habeamus,
821 3473 949 3551 praeter
967 3467 1089 3532 alarum
1107 3465 1263 3533 defectum
1281 3466 1315 3531 id
1334 3465 1487 3550 imprimis
1504 3464 1673 3550 prohibere

18 3604 20 3609 ’
131 3576 275 3651 8118181,
306 3573 391 3657 quod
418 3574 504 3638 nulla
530 3595 651 3653 earum,
685 3575 735 3639 cui
762 3574 903 3651 interest,
935 3573 1138 3640 historiarum
1166 3574 1200 3639 in
1226 3572 1396 3639 Parthenio
1428 3573 1531 3638 locum
1562 3571 1673 3647 habet;

134 3688 247 3750 contra
270 3702 340 3748 oum
363 3680 502 3765 reliquus
524 3680 653 3747 habitus
679 3688 748 3746 tum
774 3681 898 3748 nimbus
925 3681 1049 3766 Virgini
1076 3683 1168 3747 unice
1194 3681 1353 3758 convenit;
1385 3699 1464 3764 qnae
1492 3679 1673 3744 81188818

227 3915 260 3982 ¹⁸)
280 3913 363 3982 Fugit
380 3915 432 3968 hec
449 3911 606 3983 adolphum
624 3911 914 3983 Trendalenburginm‚
934 3911 981 3981 qni
1000 3927 1061 3968 cnm
1080 3910 1241 3982 ceteroquin
1259 3911 1293 3966 18
1312 3910 1400 3968 118818
1419 3908 1530 3980 8318318
1549 3908 1672 3978 disputa·

138 4003 209 4059 serit
227 4003 294 4070 (Der
311 4002 486 4059 Musenohor.
510 4000 638 4057 Berliner
655 4000 973 4071 Winckelmannsprogr.
994 4003 1072 4071 1816)
1091 4001 1121 4056 ln
1139 4017 1172 4057 eo
1191 4000 1305 4068 fallitur,
1325 4000 1396 4071 quod
1414 3997 1547 4055 Uranianr
1565 3997 1594 4053 in
1612 3997 1672 4052 uni·

19 4154 20 4160 ,
136 4109 245 4148 1818818
259 4085 357 4147 studiis
372 4089 561 4147 astronomicis
579 4106 709 4161 praeesse
723 4090 861 4162 opinatur,
875 4091 935 4162 ipse
950 4097 1042 4147 181888
1053 4090 1168 4146 miratus
1181 4089 1247 4146 huic
1261 4088 1308 4144 uni
1323 4089 1420 4144 Musae
1434 4087 1505 4143 nihil
1520 4103 1581 4144 cum
1595 4086 1673 4156 poesi

139 4197 279 4239 commune
299 4197 372 4251 esss3
392 4197 473 4251 qnam
492 4179 686 4236 difficultatem
705 4180 752 4248 ita,
777 4185 807 4236 nt
826 4196 909 4252 supra
927 4179 1030 4236 iactum
1050 4187 1099 4248 est,
1118 4179 1179 4236 tolli
1197 4180 1240 4236 vir
1258 4177 1431 4236 doctissimus
1446 4181 1474 4232 et
1488 4174 1672 4242 confitebitur,

138 4273 241 4343 opinor,
262 4278 290 4325 et
308 4271 447 4340 gaudebit.

228 4361 259 4428 ¹⁹)
278 4361 310 4414 In
329 4359 447 4416 basilica
469 4361 540 4416 hanc
562 4359 698 4429 picturam
721 4359 861 4416 iuventam
884 4375 1025 4416 88888818
1048 4357 1234 4429 antiquissimi
1252 4363 1338 4414 188188
1361 4355 1508 4412 adfirmant
1527 4353 1673 4411 (lochinius

140 4458 168 4506 et
185 4447 368 4506 Bellicardius
395 4450 510 4518 (observ.
534 4466 581 4505 sur
603 4449 644 4504 les
668 4449 818 4519 antiquitas
842 4449 1057 4506 d'Hcrculnnum
1085 4447 1163 4504 Paria
1187 4448 1255 4504 1157
1279 4464 1306 4517 p.
1331 4448 1364 4502 18
1387 4451 1445 4501 tum
1468 4443 1581 4500 Carolus
1603 4441 1673 4497 Iusti

141 4540 359 4608 IWInckelmann
378 4539 405 4594 11
423 4557 450 4609 p.
471 4540 539 4606 191).
576 4538 831 4610 praestantIssimae
850 4537 936 4609 igitur
952 4538 1033 4595 huius
1057 4537 1179 4594 aedificii
1196 4537 1322 4608 picturae
1341 4541 1420 4592 erant
1438 4532 1573 4590 Hercules
1592 4531 1672 4588 Tele-

142 4631 222 4699 phnm
245 4628 387 4685 Inveniam
410 4635 438 4684 81
457 4628 580 4684 Theseus
603 4627 754 4685 Minotauri
778 4628 866 4684 victor
888 4627 999 4698 (Helbig
1024 4629 1111 4696 1214).
1147 4627 1282 4683 Hercules
1305 4633 1335 4680 ut
1357 4623 1527 4682 Herculanei
1550 4621 1674 4679 conditor

142 4725 324 4789 patronusque
347 4717 503 4774 celebratus
527 4723 582 4786 est;
612 4733 673 4772 cnm
697 4734 749 4787 quo
773 4717 897 4773 Theseus
920 4716 1086 4788 compositus
1112 4717 1230 4787 primum
1247 4715 1365 4786 :quidem
1387 4720 1501 4786 propter
1523 4711 1672 4768 solemnem

144 4808 280 4878 utriusque
300 4806 391 4863 herois
411 4807 648 4874 consociationem,
677 4807 776 4862 deinde
796 4823 860 4862 vero
879 4806 909 4862 ni
926 4806 1009 4862 fallor
1028 4805 1151 4862 Creticus
1171 4805 1279 4876 mythos
1297 4804 1360 4860 ideo
1378 4805 1503 4859 delectus
1522 4807 1577 4869 est,
1601 4799 1673 4870 quod

144 4897 299 4954 billonius
321 4896 437 4964 Balbus,
461 4896 508 4967 qui
526 4896 670 4953 basilicam
689 4895 890 4952 aedificandam
909 4895 1028 4964 curavit,
1052 4893 1255 4951 necessitudine
1279 4894 1396 4963 quadam
1416 4909 1478 4950 cum
1497 4889 1672 4950 Cretensibus

146 4987 298 5047 conlunctus
317 4987 402 5047 181888
420 4987 536 5046 videtur.
573 5005 597 5044 v.
617 4988 768 5050 Mommsen
788 4985 915 5060 Inscript.
935 4985 1013 5059 regni
1031 4985 1120 5056 Neap.
1139 4983 1323 5044 aeon-2409.
