<?xml version="1.0" encoding="UTF-8"?>
<!DOCTYPE html PUBLIC "-//W3C//DTD XHTML 1.0 Transitional//EN"
    "http://www.w3.org/TR/xhtml1/DTD/xhtml1-transitional.dtd">
<html xmlns="http://www.w3.org/1999/xhtml" xml:lang="en" lang="en">
 <head>
  <title>
</title>
<meta http-equiv="Content-Type" content="text/html;charset=utf-8" />
  <meta name='ocr-system' content='tesseract 3.04.00' />
  <meta name='ocr-capabilities' content='ocr_page ocr_carea ocr_par ocr_line ocrx_word'/>
</head>
<body>
  <div class='ocr_page' id='page_1' title='image "./eratostheniscat01eratgoog_0024.png"; bbox 0 0 3908 5802; ppageno 0'>
   <div class='ocr_carea' id='block_1_1' title="bbox 1580 411 1598 480">
    <p class='ocr_par' dir='ltr' id='par_1_1' title="bbox 1580 411 1598 480">
     <span class='ocr_line' id='line_1_1' title="bbox 1580 411 1598 480; baseline 0 0"><span class='ocrx_word' id='word_1_1' title='bbox 1580 411 1598 480; x_wconf 83' lang='lat' dir='ltr'>&#39;l</span> 
     </span>
    </p>
   </div>
   <div class='ocr_carea' id='block_1_2' title="bbox 16 589 1602 1638">
    <p class='ocr_par' dir='ltr' id='par_1_2' title="bbox 16 589 1602 1638">
     <span class='ocr_line' id='line_1_2' title="bbox 63 589 1599 678; baseline 0.001 -21"><span class='ocrx_word' id='word_1_2' title='bbox 63 592 169 658; x_wconf 88' lang='lat' dir='ltr'>fuisse</span> <span class='ocrx_word' id='word_1_3' title='bbox 191 595 322 658; x_wconf 86' lang='lat' dir='ltr'>constat.</span> <span class='ocrx_word' id='word_1_4' title='bbox 365 613 437 657; x_wconf 89' lang='lat' dir='ltr'>nam</span> <span class='ocrx_word' id='word_1_5' title='bbox 461 613 553 676; x_wconf 89' lang='lat' dir='ltr'>quam</span> <span class='ocrx_word' id='word_1_6' title='bbox 573 589 714 676; x_wconf 83' lang='lat' dir='ltr'>Hyginus</span> <span class='ocrx_word' id='word_1_7' title='bbox 738 591 776 658; x_wconf 94' lang='lat' dir='ltr'>de</span> <span class='ocrx_word' id='word_1_8' title='bbox 799 612 893 676; x_wconf 88' lang='lat' dir='ltr'>capro</span> <span class='ocrx_word' id='word_1_9' title='bbox 915 595 1025 658; x_wconf 88' lang='lat' dir='ltr'>narrat</span> <span class='ocrx_word' id='word_1_10' title='bbox 1047 589 1247 678; x_wconf 58' lang='lat' dir='ltr'>sabulone),</span> <span class='ocrx_word' id='word_1_11' title='bbox 1270 611 1308 656; x_wconf 89' lang='lat' dir='ltr'>ea</span> <span class='ocrx_word' id='word_1_12' title='bbox 1330 595 1536 676; x_wconf 83' lang='lat' dir='ltr'>certansque</span> <span class='ocrx_word' id='word_1_13' title='bbox 1559 591 1599 658; x_wconf 92' lang='lat' dir='ltr'>ab</span> 
     </span>
     <span class='ocr_line' id='line_1_3' title="bbox 63 696 1600 784; baseline -0.001 -21"><span class='ocrx_word' id='word_1_14' title='bbox 63 700 224 784; x_wconf 78' lang='lat' dir='ltr'>Erigones</span> <span class='ocrx_word' id='word_1_15' title='bbox 246 705 430 782; x_wconf 89' lang='lat' dir='ltr'>argumento</span> <span class='ocrx_word' id='word_1_16' title='bbox 448 700 551 765; x_wconf 86' lang='lat' dir='ltr'>aliena</span> <span class='ocrx_word' id='word_1_17' title='bbox 573 721 673 784; x_wconf 90' lang='lat' dir='ltr'>neque</span> <span class='ocrx_word' id='word_1_18' title='bbox 691 699 904 764; x_wconf 82' lang='lat' dir='ltr'>Alexandrino</span> <span class='ocrx_word' id='word_1_19' title='bbox 921 704 1017 782; x_wconf 88' lang='lat' dir='ltr'>poeta</span> <span class='ocrx_word' id='word_1_20' title='bbox 1038 697 1169 782; x_wconf 90' lang='lat' dir='ltr'>indigna</span> <span class='ocrx_word' id='word_1_21' title='bbox 1186 703 1242 776; x_wconf 90' lang='lat' dir='ltr'>est,</span> <span class='ocrx_word' id='word_1_22' title='bbox 1264 697 1310 762; x_wconf 89' lang='lat' dir='ltr'>ita</span> <span class='ocrx_word' id='word_1_23' title='bbox 1327 702 1365 763; x_wconf 89' lang='lat' dir='ltr'>ut</span> <span class='ocrx_word' id='word_1_24' title='bbox 1383 696 1515 764; x_wconf 87' lang='lat' dir='ltr'>fortasse</span> <span class='ocrx_word' id='word_1_25' title='bbox 1538 719 1600 763; x_wconf 91' lang='lat' dir='ltr'>non</span> 
     </span>
     <span class='ocr_line' id='line_1_4' title="bbox 67 804 1600 890; baseline -0.001 -19"><span class='ocrx_word' id='word_1_26' title='bbox 67 807 125 871; x_wconf 91' lang='lat' dir='ltr'>hie</span> <span class='ocrx_word' id='word_1_27' title='bbox 147 827 252 872; x_wconf 82' lang='lat' dir='ltr'>versus</span> <span class='ocrx_word' id='word_1_28' title='bbox 275 812 412 882; x_wconf 88' lang='lat' dir='ltr'>tantum,</span> <span class='ocrx_word' id='word_1_29' title='bbox 437 806 491 872; x_wconf 88' lang='lat' dir='ltr'>sed</span> <span class='ocrx_word' id='word_1_30' title='bbox 516 811 596 882; x_wconf 87' lang='lat' dir='ltr'>tota,</span> <span class='ocrx_word' id='word_1_31' title='bbox 625 807 655 870; x_wconf 93' lang='lat' dir='ltr'>in</span> <span class='ocrx_word' id='word_1_32' title='bbox 680 828 742 890; x_wconf 88' lang='lat' dir='ltr'>qua</span> <span class='ocrx_word' id='word_1_33' title='bbox 764 805 920 882; x_wconf 83' lang='lat' dir='ltr'>adfertur,</span> <span class='ocrx_word' id='word_1_34' title='bbox 946 807 1086 870; x_wconf 89' lang='lat' dir='ltr'>narratio</span> <span class='ocrx_word' id='word_1_35' title='bbox 1114 806 1154 870; x_wconf 91' lang='lat' dir='ltr'>ad</span> <span class='ocrx_word' id='word_1_36' title='bbox 1177 805 1335 888; x_wconf 84' lang='lat' dir='ltr'>Erigonen</span> <span class='ocrx_word' id='word_1_37' title='bbox 1362 804 1527 871; x_wconf 84' lang='lat' dir='ltr'>referenda</span> <span class='ocrx_word' id='word_1_38' title='bbox 1549 806 1600 870; x_wconf 92' lang='lat' dir='ltr'>sit.</span> 
     </span>
     <span class='ocr_line' id='line_1_5' title="bbox 68 910 1601 996; baseline -0.001 -19"><span class='ocrx_word' id='word_1_39' title='bbox 68 914 129 978; x_wconf 91' lang='lat' dir='ltr'>sed</span> <span class='ocrx_word' id='word_1_40' title='bbox 151 919 223 978; x_wconf 88' lang='lat' dir='ltr'>utut</span> <span class='ocrx_word' id='word_1_41' title='bbox 249 913 328 978; x_wconf 87' lang='lat' dir='ltr'>haee</span> <span class='ocrx_word' id='word_1_42' title='bbox 354 933 403 978; x_wconf 90' lang='lat' dir='ltr'>res</span> <span class='ocrx_word' id='word_1_43' title='bbox 430 933 464 978; x_wconf 91' lang='lat' dir='ltr'>se</span> <span class='ocrx_word' id='word_1_44' title='bbox 491 911 600 990; x_wconf 89' lang='lat' dir='ltr'>habet,</span> <span class='ocrx_word' id='word_1_45' title='bbox 628 913 667 978; x_wconf 88' lang='lat' dir='ltr'>ad</span> <span class='ocrx_word' id='word_1_46' title='bbox 691 911 930 977; x_wconf 87' lang='lat' dir='ltr'>Catasterismos</span> <span class='ocrx_word' id='word_1_47' title='bbox 953 917 1036 978; x_wconf 89' lang='lat' dir='ltr'>certe</span> <span class='ocrx_word' id='word_1_48' title='bbox 1063 932 1164 996; x_wconf 90' lang='lat' dir='ltr'>neque</span> <span class='ocrx_word' id='word_1_49' title='bbox 1186 932 1307 976; x_wconf 84' lang='lat' dir='ltr'>versum</span> <span class='ocrx_word' id='word_1_50' title='bbox 1334 933 1435 996; x_wconf 92' lang='lat' dir='ltr'>neque</span> <span class='ocrx_word' id='word_1_51' title='bbox 1462 910 1601 978; x_wconf 90' lang='lat' dir='ltr'>fabulam</span> 
     </span>
     <span class='ocr_line' id='line_1_6' title="bbox 66 1017 1601 1102; baseline -0.001 -19"><span class='ocrx_word' id='word_1_52' title='bbox 66 1020 176 1085; x_wconf 88' lang='lat' dir='ltr'>redire</span> <span class='ocrx_word' id='word_1_53' title='bbox 203 1025 288 1085; x_wconf 86' lang='lat' dir='ltr'>recte</span> <span class='ocrx_word' id='word_1_54' title='bbox 320 1024 459 1084; x_wconf 77' lang='lat' dir='ltr'>statuere</span> <span class='ocrx_word' id='word_1_55' title='bbox 490 1019 567 1083; x_wconf 92' lang='lat' dir='ltr'>mihi</span> <span class='ocrx_word' id='word_1_56' title='bbox 599 1019 715 1084; x_wconf 88' lang='lat' dir='ltr'>videor.</span> <span class='ocrx_word' id='word_1_57' title='bbox 764 1020 871 1101; x_wconf 87' lang='lat' dir='ltr'>itaque</span> <span class='ocrx_word' id='word_1_58' title='bbox 898 1039 967 1083; x_wconf 90' lang='lat' dir='ltr'>cum</span> <span class='ocrx_word' id='word_1_59' title='bbox 999 1018 1032 1082; x_wconf 92' lang='lat' dir='ltr'>in</span> <span class='ocrx_word' id='word_1_60' title='bbox 1059 1018 1176 1102; x_wconf 83' lang='lat' dir='ltr'>Hygini</span> <span class='ocrx_word' id='word_1_61' title='bbox 1204 1017 1384 1102; x_wconf 84' lang='lat' dir='ltr'>Astrologia</span> <span class='ocrx_word' id='word_1_62' title='bbox 1410 1040 1471 1098; x_wconf 78' lang='lat' dir='ltr'>uon</span> <span class='ocrx_word' id='word_1_63' title='bbox 1499 1019 1601 1083; x_wconf 91' lang='lat' dir='ltr'>minus</span> 
     </span>
     <span class='ocr_line' id='line_1_7' title="bbox 67 1122 1601 1207; baseline 0.001 -17"><span class='ocrx_word' id='word_1_64' title='bbox 67 1127 188 1192; x_wconf 80' lang='lat' dir='ltr'>viciens</span> <span class='ocrx_word' id='word_1_65' title='bbox 216 1124 433 1192; x_wconf 79' lang='lat' dir='ltr'>Eratosthenis</span> <span class='ocrx_word' id='word_1_66' title='bbox 460 1146 571 1191; x_wconf 90' lang='lat' dir='ltr'>nomen</span> <span class='ocrx_word' id='word_1_67' title='bbox 600 1130 755 1202; x_wconf 86' lang='lat' dir='ltr'>occurrat,</span> <span class='ocrx_word' id='word_1_68' title='bbox 782 1131 892 1205; x_wconf 80' lang='lat' dir='ltr'>apotor</span> <span class='ocrx_word' id='word_1_69' title='bbox 919 1125 1015 1189; x_wconf 91' lang='lat' dir='ltr'>semel</span> <span class='ocrx_word' id='word_1_70' title='bbox 1042 1123 1213 1207; x_wconf 88' lang='lat' dir='ltr'>Erigonen,</span> <span class='ocrx_word' id='word_1_71' title='bbox 1240 1125 1335 1191; x_wconf 91' lang='lat' dir='ltr'>semel</span> <span class='ocrx_word' id='word_1_72' title='bbox 1362 1122 1495 1192; x_wconf 84' lang='lat' dir='ltr'>fortasse</span> <span class='ocrx_word' id='word_1_73' title='bbox 1517 1125 1601 1191; x_wconf 89' lang='lat' dir='ltr'>Mer·</span> 
     </span>
     <span class='ocr_line' id='line_1_8' title="bbox 67 1212 1055 1316; baseline 0 -20"><span class='ocrx_word' id='word_1_74' title='bbox 67 1233 201 1310; x_wconf 70' lang='lat' dir='ltr'>endum,</span> <span class='ocrx_word' id='word_1_75' title='bbox 223 1237 258 1298; x_wconf 91' lang='lat' dir='ltr'>at</span> <span class='ocrx_word' id='word_1_76' title='bbox 280 1212 364 1298; x_wconf 76' lang='lat' dir='ltr'>ceite</span> <span class='ocrx_word' id='word_1_77' title='bbox 387 1233 606 1298; x_wconf 80' lang='lat' dir='ltr'>duodeviciens</span> <span class='ocrx_word' id='word_1_78' title='bbox 630 1232 868 1298; x_wconf 84' lang='lat' dir='ltr'>Catesterismos</span> <span class='ocrx_word' id='word_1_79' title='bbox 891 1229 1055 1316; x_wconf 85' lang='lat' dir='ltr'>signifieat</span> 
     </span>
     <span class='ocr_line' id='line_1_9' title="bbox 16 1327 1602 1422; baseline 0 -18"><span class='ocrx_word' id='word_1_80' title='bbox 16 1327 21 1334; x_wconf 47' lang='lat'>⁸</span> <span class='ocrx_word' id='word_1_81' title='bbox 160 1339 289 1405; x_wconf 88' lang='lat' dir='ltr'>Praeter</span> <span class='ocrx_word' id='word_1_82' title='bbox 316 1340 406 1416; x_wconf 89' lang='lat' dir='ltr'>haee,</span> <span class='ocrx_word' id='word_1_83' title='bbox 434 1358 513 1422; x_wconf 88' lang='lat' dir='ltr'>quae</span> <span class='ocrx_word' id='word_1_84' title='bbox 541 1361 580 1403; x_wconf 85' lang='lat' dir='ltr'>ex</span> <span class='ocrx_word' id='word_1_85' title='bbox 602 1338 832 1404; x_wconf 83' lang='lat' dir='ltr'>Gatasterismis</span> <span class='ocrx_word' id='word_1_86' title='bbox 860 1344 985 1421; x_wconf 89' lang='lat' dir='ltr'>sumpta</span> <span class='ocrx_word' id='word_1_87' title='bbox 1012 1359 1079 1403; x_wconf 88' lang='lat' dir='ltr'>esse</span> <span class='ocrx_word' id='word_1_88' title='bbox 1106 1338 1173 1421; x_wconf 88' lang='lat' dir='ltr'>ipse</span> <span class='ocrx_word' id='word_1_89' title='bbox 1198 1337 1339 1422; x_wconf 88' lang='lat' dir='ltr'>Hyginus</span> <span class='ocrx_word' id='word_1_90' title='bbox 1366 1342 1510 1415; x_wconf 87' lang='lat' dir='ltr'>testatur,</span> <span class='ocrx_word' id='word_1_91' title='bbox 1537 1341 1602 1404; x_wconf 87' lang='lat' dir='ltr'>alia</span> 
     </span>
     <span class='ocr_line' id='line_1_10' title="bbox 67 1444 1601 1531; baseline 0.001 -21"><span class='ocrx_word' id='word_1_92' title='bbox 67 1468 196 1531; x_wconf 92' lang='lat' dir='ltr'>quoque</span> <span class='ocrx_word' id='word_1_93' title='bbox 222 1447 398 1530; x_wconf 87' lang='lat' dir='ltr'>fragmenta</span> <span class='ocrx_word' id='word_1_94' title='bbox 424 1445 517 1512; x_wconf 91' lang='lat' dir='ltr'>huius</span> <span class='ocrx_word' id='word_1_95' title='bbox 544 1445 617 1510; x_wconf 88' lang='lat' dir='ltr'>libri</span> <span class='ocrx_word' id='word_1_96' title='bbox 639 1466 701 1512; x_wconf 91' lang='lat' dir='ltr'>oon</span> <span class='ocrx_word' id='word_1_97' title='bbox 725 1447 792 1511; x_wconf 90' lang='lat' dir='ltr'>sine</span> <span class='ocrx_word' id='word_1_98' title='bbox 819 1465 940 1510; x_wconf 87' lang='lat' dir='ltr'>summa</span> <span class='ocrx_word' id='word_1_99' title='bbox 966 1444 1191 1530; x_wconf 80' lang='lat' dir='ltr'>probabilitate</span> <span class='ocrx_word' id='word_1_100' title='bbox 1219 1466 1258 1509; x_wconf 85' lang='lat' dir='ltr'>ex</span> <span class='ocrx_word' id='word_1_101' title='bbox 1280 1445 1462 1528; x_wconf 88' lang='lat' dir='ltr'>Astrologia</span> <span class='ocrx_word' id='word_1_102' title='bbox 1488 1447 1601 1512; x_wconf 85' lang='lat' dir='ltr'>elicere</span> 
     </span>
     <span class='ocr_line' id='line_1_11' title="bbox 67 1553 402 1638; baseline -0.006 -20"><span class='ocrx_word' id='word_1_103' title='bbox 67 1575 164 1638; x_wconf 89' lang='lat' dir='ltr'>posse</span> <span class='ocrx_word' id='word_1_104' title='bbox 187 1553 264 1618; x_wconf 93' lang='lat' dir='ltr'>mihi</span> <span class='ocrx_word' id='word_1_105' title='bbox 289 1554 402 1618; x_wconf 82' lang='lat' dir='ltr'>videor.</span> 
     </span>
    </p>
   </div>
   <div class='ocr_carea' id='block_1_3' title="bbox 70 1763 1600 2901">
    <p class='ocr_par' dir='ltr' id='par_1_3' title="bbox 70 1763 1600 2901">
     <span class='ocr_line' id='line_1_12' title="bbox 164 1763 1599 1834; baseline -0.001 -12"><span class='ocrx_word' id='word_1_106' title='bbox 164 1769 196 1834; x_wconf 81' lang='lat'>¹⁰)</span> <span class='ocrx_word' id='word_1_107' title='bbox 215 1769 281 1822; x_wconf 87' lang='lat' dir='ltr'>inde</span> <span class='ocrx_word' id='word_1_108' title='bbox 299 1783 316 1821; x_wconf 95' lang='lat' dir='ltr'>a</span> <span class='ocrx_word' id='word_1_109' title='bbox 335 1765 424 1822; x_wconf 91' lang='lat' dir='ltr'>vorbis</span> <span class='ocrx_word' id='word_1_110' title='bbox 443 1765 492 1834; x_wconf 81' lang='lat' dir='ltr'>qai</span> <span class='ocrx_word' id='word_1_111' title='bbox 509 1781 571 1819; x_wconf 77' lang='lat' dir='ltr'>caro</span> <span class='ocrx_word' id='word_1_112' title='bbox 588 1765 695 1820; x_wconf 65' lang='lat' dir='ltr'>occaect</span> <span class='ocrx_word' id='word_1_113' title='bbox 714 1765 793 1819; x_wconf 75' lang='lat' dir='ltr'>vitea</span> <span class='ocrx_word' id='word_1_114' title='bbox 811 1779 897 1833; x_wconf 88' lang='lat' dir='ltr'>usque</span> <span class='ocrx_word' id='word_1_115' title='bbox 916 1763 951 1820; x_wconf 90' lang='lat' dir='ltr'>ad</span> <span class='ocrx_word' id='word_1_116' title='bbox 970 1779 1076 1818; x_wconf 82' lang='lat' dir='ltr'>versum</span> <span class='ocrx_word' id='word_1_117' title='bbox 1096 1763 1299 1828; x_wconf 67' lang='lat' dir='ltr'>Eratosthenis:</span> <span class='ocrx_word' id='word_1_118' title='bbox 1318 1781 1380 1820; x_wconf 86' lang='lat' dir='ltr'>nam</span> <span class='ocrx_word' id='word_1_119' title='bbox 1401 1768 1469 1820; x_wconf 91' lang='lat' dir='ltr'>haec</span> <span class='ocrx_word' id='word_1_120' title='bbox 1487 1764 1599 1821; x_wconf 88' lang='lat' dir='ltr'>aliunde</span> 
     </span>
     <span class='ocr_line' id='line_1_13' title="bbox 71 1852 1599 1924; baseline -0.001 -14"><span class='ocrx_word' id='word_1_121' title='bbox 71 1855 327 1911; x_wconf 89' lang='lat' dir='ltr'>Catasterismorum</span> <span class='ocrx_word' id='word_1_122' title='bbox 350 1855 500 1910; x_wconf 78' lang='lat' dir='ltr'>narrationi</span> <span class='ocrx_word' id='word_1_123' title='bbox 523 1854 627 1908; x_wconf 86' lang='lat' dir='ltr'>inserta</span> <span class='ocrx_word' id='word_1_124' title='bbox 651 1869 711 1908; x_wconf 90' lang='lat' dir='ltr'>esse</span> <span class='ocrx_word' id='word_1_125' title='bbox 734 1852 794 1922; x_wconf 83' lang='lat' dir='ltr'>ipse</span> <span class='ocrx_word' id='word_1_126' title='bbox 813 1853 936 1924; x_wconf 75' lang='lat' dir='ltr'>Hyginus</span> <span class='ocrx_word' id='word_1_127' title='bbox 955 1852 1071 1918; x_wconf 89' lang='lat' dir='ltr'>indicat,</span> <span class='ocrx_word' id='word_1_128' title='bbox 1096 1869 1156 1908; x_wconf 89' lang='lat' dir='ltr'>oum</span> <span class='ocrx_word' id='word_1_129' title='bbox 1180 1859 1277 1923; x_wconf 84' lang='lat' dir='ltr'>pergat</span> <span class='ocrx_word' id='word_1_130' title='bbox 1296 1854 1347 1908; x_wconf 84' lang='lat' dir='ltr'>alii</span> <span class='ocrx_word' id='word_1_131' title='bbox 1369 1853 1467 1908; x_wconf 72' lang='lat' dir='ltr'>diescat</span> <span class='ocrx_word' id='word_1_132' title='bbox 1484 1853 1599 1908; x_wconf 80' lang='lat' dir='ltr'>Icarum</span> 
     </span>
     <span class='ocr_line' id='line_1_14' title="bbox 71 1941 1599 2014; baseline -0.001 -16"><span class='ocrx_word' id='word_1_133' title='bbox 71 1961 97 1998; x_wconf 91' lang='lat' dir='ltr'>o.</span> <span class='ocrx_word' id='word_1_134' title='bbox 113 1963 139 2014; x_wconf 93' lang='lat' dir='ltr'>q.</span> <span class='ocrx_word' id='word_1_135' title='bbox 154 1961 175 1999; x_wconf 88' lang='lat' dir='ltr'>s.</span> <span class='ocrx_word' id='word_1_136' title='bbox 190 1952 309 2000; x_wconf 88' lang='lat' dir='ltr'>ceterum</span> <span class='ocrx_word' id='word_1_137' title='bbox 324 1943 419 1999; x_wconf 81' lang='lat' dir='ltr'>fabula</span> <span class='ocrx_word' id='word_1_138' title='bbox 437 1960 489 1998; x_wconf 91' lang='lat' dir='ltr'>non</span> <span class='ocrx_word' id='word_1_139' title='bbox 510 1950 553 1998; x_wconf 90' lang='lat' dir='ltr'>est</span> <span class='ocrx_word' id='word_1_140' title='bbox 571 1942 691 2012; x_wconf 88' lang='lat' dir='ltr'>indigna,</span> <span class='ocrx_word' id='word_1_141' title='bbox 711 1957 781 2011; x_wconf 89' lang='lat' dir='ltr'>quae</span> <span class='ocrx_word' id='word_1_142' title='bbox 800 1941 907 2010; x_wconf 87' lang='lat' dir='ltr'>longius</span> <span class='ocrx_word' id='word_1_143' title='bbox 924 1941 1097 2006; x_wconf 66' lang='lat' dir='ltr'>inlustratum</span> <span class='ocrx_word' id='word_1_144' title='bbox 1118 1941 1188 2011; x_wconf 89' lang='lat' dir='ltr'>quod</span> <span class='ocrx_word' id='word_1_145' title='bbox 1207 1957 1268 1996; x_wconf 89' lang='lat' dir='ltr'>eum</span> <span class='ocrx_word' id='word_1_146' title='bbox 1287 1945 1338 1996; x_wconf 93' lang='lat' dir='ltr'>hoc</span> <span class='ocrx_word' id='word_1_147' title='bbox 1358 1942 1417 1997; x_wconf 91' lang='lat' dir='ltr'>loco</span> <span class='ocrx_word' id='word_1_148' title='bbox 1435 1942 1527 1998; x_wconf 83' lang='lat' dir='ltr'>lacere</span> <span class='ocrx_word' id='word_1_149' title='bbox 1546 1959 1599 1996; x_wconf 92' lang='lat' dir='ltr'>non</span> 
     </span>
     <span class='ocr_line' id='line_1_15' title="bbox 71 2025 1599 2102; baseline -0.001 -16"><span class='ocrx_word' id='word_1_150' title='bbox 71 2034 188 2102; x_wconf 88' lang='lat' dir='ltr'>possim,</span> <span class='ocrx_word' id='word_1_151' title='bbox 211 2033 342 2088; x_wconf 88' lang='lat' dir='ltr'>nonnulla</span> <span class='ocrx_word' id='word_1_152' title='bbox 361 2039 452 2088; x_wconf 90' lang='lat' dir='ltr'>tamon</span> <span class='ocrx_word' id='word_1_153' title='bbox 472 2031 558 2101; x_wconf 88' lang='lat' dir='ltr'>digito</span> <span class='ocrx_word' id='word_1_154' title='bbox 577 2032 740 2085; x_wconf 90' lang='lat' dir='ltr'>monstrabo.</span> <span class='ocrx_word' id='word_1_155' title='bbox 769 2031 822 2085; x_wconf 92' lang='lat' dir='ltr'>duo</span> <span class='ocrx_word' id='word_1_156' title='bbox 841 2029 913 2084; x_wconf 90' lang='lat' dir='ltr'>enim</span> <span class='ocrx_word' id='word_1_157' title='bbox 931 2033 984 2084; x_wconf 92' lang='lat' dir='ltr'>hac</span> <span class='ocrx_word' id='word_1_158' title='bbox 1002 2029 1159 2085; x_wconf 84' lang='lat' dir='ltr'>narratione</span> <span class='ocrx_word' id='word_1_159' title='bbox 1178 2037 1353 2099; x_wconf 88' lang='lat' dir='ltr'>exponuntur</span> <span class='ocrx_word' id='word_1_160' title='bbox 1371 2025 1459 2094; x_wconf 77' lang='grc' dir='ltr'><strong><em>αἴτια,</em></strong></span> <span class='ocrx_word' id='word_1_161' title='bbox 1483 2031 1599 2101; x_wconf 92' lang='lat' dir='ltr'>primum</span> 
     </span>
     <span class='ocr_line' id='line_1_16' title="bbox 70 2117 1600 2190; baseline -0.002 -14"><span class='ocrx_word' id='word_1_162' title='bbox 70 2122 242 2178; x_wconf 86' lang='lat' dir='ltr'>Ascoliorum</span> <span class='ocrx_word' id='word_1_163' title='bbox 270 2121 357 2190; x_wconf 89' lang='lat' dir='ltr'>origo,</span> <span class='ocrx_word' id='word_1_164' title='bbox 385 2129 442 2176; x_wconf 91' lang='lat' dir='ltr'>tum</span> <span class='ocrx_word' id='word_1_165' title='bbox 470 2137 519 2174; x_wconf 92' lang='lat' dir='ltr'>cur</span> <span class='ocrx_word' id='word_1_166' title='bbox 546 2119 623 2188; x_wconf 84' lang='lat' dir='ltr'>capri</span> <span class='ocrx_word' id='word_1_167' title='bbox 650 2119 830 2174; x_wconf 90' lang='lat' dir='ltr'>immolentur.</span> <span class='ocrx_word' id='word_1_168' title='bbox 876 2119 927 2174; x_wconf 90' lang='lat' dir='ltr'>hoc</span> <span class='ocrx_word' id='word_1_169' title='bbox 954 2119 1016 2187; x_wconf 90' lang='lat' dir='ltr'>ipsa</span> <span class='ocrx_word' id='word_1_170' title='bbox 1037 2117 1132 2174; x_wconf 81' lang='lat' dir='ltr'>fabula</span> <span class='ocrx_word' id='word_1_171' title='bbox 1155 2119 1248 2184; x_wconf 87' lang='lat' dir='ltr'>docet,</span> <span class='ocrx_word' id='word_1_172' title='bbox 1275 2119 1344 2175; x_wconf 91' lang='lat' dir='ltr'>illud</span> <span class='ocrx_word' id='word_1_173' title='bbox 1373 2136 1424 2174; x_wconf 91' lang='lat' dir='ltr'>non</span> <span class='ocrx_word' id='word_1_174' title='bbox 1449 2119 1543 2189; x_wconf 89' lang='lat' dir='ltr'>inopte</span> <span class='ocrx_word' id='word_1_175' title='bbox 1566 2136 1600 2174; x_wconf 90' lang='lat' dir='ltr'>ex</span> 
     </span>
     <span class='ocr_line' id='line_1_17' title="bbox 70 2207 1599 2278; baseline 0 -14"><span class='ocrx_word' id='word_1_176' title='bbox 70 2211 151 2266; x_wconf 86' lang='lat' dir='ltr'>Ovid.</span> <span class='ocrx_word' id='word_1_177' title='bbox 174 2211 236 2266; x_wconf 87' lang='lat' dir='ltr'>last.</span> <span class='ocrx_word' id='word_1_178' title='bbox 256 2212 268 2264; x_wconf 90' lang='lat'>1</span> <span class='ocrx_word' id='word_1_179' title='bbox 290 2212 343 2266; x_wconf 83' lang='lat'>353</span> <span class='ocrx_word' id='word_1_180' title='bbox 362 2227 382 2266; x_wconf 90' lang='lat' dir='ltr'>s.</span> <span class='ocrx_word' id='word_1_181' title='bbox 407 2209 569 2264; x_wconf 86' lang='lat' dir='ltr'>concludere</span> <span class='ocrx_word' id='word_1_182' title='bbox 593 2207 659 2262; x_wconf 89' lang='lat' dir='ltr'>mihi</span> <span class='ocrx_word' id='word_1_183' title='bbox 682 2209 784 2264; x_wconf 85' lang='lat' dir='ltr'>videor.</span> <span class='ocrx_word' id='word_1_184' title='bbox 826 2223 985 2278; x_wconf 89' lang='lat' dir='ltr'>comparare</span> <span class='ocrx_word' id='word_1_185' title='bbox 1007 2207 1085 2262; x_wconf 87' lang='lat' dir='ltr'>iurat</span> <span class='ocrx_word' id='word_1_186' title='bbox 1107 2207 1245 2264; x_wconf 83' lang='lat' dir='ltr'>Leonidae</span> <span class='ocrx_word' id='word_1_187' title='bbox 1263 2209 1406 2264; x_wconf 81' lang='lat' dir='ltr'>Tarentini</span> <span class='ocrx_word' id='word_1_188' title='bbox 1430 2208 1599 2278; x_wconf 87' lang='lat' dir='ltr'>epigramma</span> 
     </span>
     <span class='ocr_line' id='line_1_18' title="bbox 70 2299 402 2366; baseline -0.009 -12"><span class='ocrx_word' id='word_1_189' title='bbox 70 2300 192 2366; x_wconf 86' lang='lat' dir='ltr'>(Anthol.</span> <span class='ocrx_word' id='word_1_190' title='bbox 212 2299 268 2354; x_wconf 88' lang='lat' dir='ltr'>Pal.</span> <span class='ocrx_word' id='word_1_191' title='bbox 289 2300 329 2354; x_wconf 83' lang='lat' dir='ltr'>lx</span> <span class='ocrx_word' id='word_1_192' title='bbox 347 2300 402 2364; x_wconf 78' lang='lat' dir='ltr'>99l²</span> 
     </span>
     <span class='ocr_line' id='line_1_19' title="bbox 439 2377 1131 2456; baseline -0.001 -17"><span class='ocrx_word' id='word_1_193' title='bbox 439 2378 543 2452; x_wconf 73' lang='grc' dir='ltr'><strong><em>Ἶξαλος</em></strong></span> <span class='ocrx_word' id='word_1_194' title='bbox 561 2379 699 2456; x_wconf 79' lang='grc' dir='ltr'><strong><em>εὐπώγοιν</em></strong></span> <span class='ocrx_word' id='word_1_195' title='bbox 718 2380 798 2456; x_wconf 83' lang='grc' dir='ltr'><strong><em>αἰγὸς</em></strong></span> <span class='ocrx_word' id='word_1_196' title='bbox 816 2379 898 2450; x_wconf 84' lang='grc' dir='ltr'><strong><em>πόσις</em></strong></span> <span class='ocrx_word' id='word_1_197' title='bbox 917 2377 948 2440; x_wconf 73' lang='grc' dir='ltr'>ἔν</span> <span class='ocrx_word' id='word_1_198' title='bbox 966 2379 1034 2439; x_wconf 77' lang='grc' dir='ltr'><strong><em>ποθ’</em></strong></span> <span class='ocrx_word' id='word_1_199' title='bbox 1053 2379 1131 2454; x_wconf 78' lang='grc' dir='ltr'><strong><em>ἀλωῇ</em></strong></span> 
     </span>
     <span class='ocr_line' id='line_1_20' title="bbox 349 2459 1171 2544; baseline 0 -16"><span class='ocrx_word' id='word_1_200' title='bbox 349 2459 351 2466; x_wconf 48' lang='grc'><strong>’</strong></span> <span class='ocrx_word' id='word_1_201' title='bbox 415 2517 419 2524; x_wconf 94' lang='grc'>.</span> <span class='ocrx_word' id='word_1_202' title='bbox 493 2469 568 2544; x_wconf 80' lang='grc' dir='ltr'><strong><em>οἴνης</em></strong></span> <span class='ocrx_word' id='word_1_203' title='bbox 586 2470 651 2538; x_wconf 76' lang='grc' dir='ltr'><strong><em>τοὺς</em></strong></span> <span class='ocrx_word' id='word_1_204' title='bbox 669 2469 795 2538; x_wconf 79' lang='grc' dir='ltr'><strong><em>ἁπαλοὺς</em></strong></span> <span class='ocrx_word' id='word_1_205' title='bbox 812 2469 920 2539; x_wconf 82' lang='grc' dir='ltr'><strong><em>πάντας</em></strong></span> <span class='ocrx_word' id='word_1_206' title='bbox 939 2467 1028 2543; x_wconf 60' lang='lat' dir='ltr'>ideque</span> <span class='ocrx_word' id='word_1_207' title='bbox 1046 2468 1171 2538; x_wconf 80' lang='grc' dir='ltr'><strong><em>κλάδους,</em></strong></span> 
     </span>
     <span class='ocr_line' id='line_1_21' title="bbox 441 2555 1197 2636; baseline -0.001 -19"><span class='ocrx_word' id='word_1_208' title='bbox 441 2568 480 2636; x_wconf 81' lang='grc' dir='ltr'>τῷ</span> <span class='ocrx_word' id='word_1_209' title='bbox 499 2559 525 2617; x_wconf 77' lang='grc' dir='ltr'>δ’</span> <span class='ocrx_word' id='word_1_210' title='bbox 546 2558 612 2627; x_wconf 75' lang='grc' dir='ltr'><strong><em>ἔπος</em></strong></span> <span class='ocrx_word' id='word_1_211' title='bbox 631 2560 665 2618; x_wconf 76' lang='grc' dir='ltr'>ἐκ</span> <span class='ocrx_word' id='word_1_212' title='bbox 683 2563 763 2634; x_wconf 68' lang='grc' dir='ltr'><strong><em>γαίης</em></strong></span> <span class='ocrx_word' id='word_1_213' title='bbox 781 2557 842 2617; x_wconf 72' lang='grc' dir='ltr'>τόδ’</span> <span class='ocrx_word' id='word_1_214' title='bbox 862 2555 934 2618; x_wconf 74' lang='lat' dir='ltr'>timor</span> <span class='ocrx_word' id='word_1_215' title='bbox 950 2557 1050 2633; x_wconf 76' lang='grc' dir='ltr'>ίιιεΐρε,</span> <span class='ocrx_word' id='word_1_216' title='bbox 1070 2557 1197 2626; x_wconf 69' lang='lat' dir='ltr'>relatura,</span> 
     </span>
     <span class='ocr_line' id='line_1_22' title="bbox 494 2646 1171 2722; baseline -0.001 -16"><span class='ocrx_word' id='word_1_217' title='bbox 494 2655 633 2722; x_wconf 76' lang='grc' dir='ltr'><strong><em>γναθμοῑς</em></strong></span> <span class='ocrx_word' id='word_1_218' title='bbox 651 2646 791 2722; x_wconf 77' lang='grc' dir='ltr'><strong><em>ἡμέτερον</em></strong></span> <span class='ocrx_word' id='word_1_219' title='bbox 809 2655 903 2720; x_wconf 78' lang='grc' dir='ltr'><strong><em>κλῆμα</em></strong></span> <span class='ocrx_word' id='word_1_220' title='bbox 921 2648 954 2706; x_wconf 85' lang='grc' dir='ltr'>τὸ</span> <span class='ocrx_word' id='word_1_221' title='bbox 972 2646 1171 2722; x_wconf 79' lang='grc' dir='ltr'><strong><em>καρποφόρον·</em></strong></span> 
     </span>
     <span class='ocr_line' id='line_1_23' title="bbox 441 2731 1257 2812; baseline 0.001 -17"><span class='ocrx_word' id='word_1_222' title='bbox 441 2739 504 2811; x_wconf 69' lang='grc' dir='ltr'>ῥίζα</span> <span class='ocrx_word' id='word_1_223' title='bbox 523 2737 578 2812; x_wconf 82' lang='grc' dir='ltr'>γὰρ</span> <span class='ocrx_word' id='word_1_224' title='bbox 597 2735 718 2809; x_wconf 77' lang='grc' dir='ltr'><strong><em>ἔμπεδος</em></strong></span> <span class='ocrx_word' id='word_1_225' title='bbox 736 2731 809 2796; x_wconf 80' lang='grc' dir='ltr'><strong><em>οὖσα</em></strong></span> <span class='ocrx_word' id='word_1_226' title='bbox 827 2735 911 2795; x_wconf 81' lang='grc' dir='ltr'><strong><em>πάλιν</em></strong></span> <span class='ocrx_word' id='word_1_227' title='bbox 929 2735 1017 2810; x_wconf 78' lang='grc' dir='ltr'><strong><em>γλυκὺ</em></strong></span> <span class='ocrx_word' id='word_1_228' title='bbox 1036 2737 1141 2812; x_wconf 75' lang='grc' dir='ltr'><strong><em>νέκταρ</em></strong></span> <span class='ocrx_word' id='word_1_229' title='bbox 1160 2735 1257 2810; x_wconf 76' lang='grc' dir='ltr'><strong><em>ἀνήσει</em></strong></span> 
     </span>
     <span class='ocr_line' id='line_1_24' title="bbox 492 2817 1120 2901; baseline -0.005 -17"><span class='ocrx_word' id='word_1_230' title='bbox 492 2817 581 2884; x_wconf 73' lang='grc' dir='ltr'><strong><em>ὅσσον</em></strong></span> <span class='ocrx_word' id='word_1_231' title='bbox 599 2825 760 2884; x_wconf 75' lang='grc' dir='ltr'><strong><em>ἐπισπεῖσαι</em></strong></span> <span class='ocrx_word' id='word_1_232' title='bbox 780 2829 833 2892; x_wconf 86' lang='lat' dir='ltr'>ool,</span> <span class='ocrx_word' id='word_1_233' title='bbox 853 2823 949 2900; x_wconf 81' lang='grc' dir='ltr'><em>τράγε,</em></span> <span class='ocrx_word' id='word_1_234' title='bbox 970 2824 1120 2901; x_wconf 58' lang='grc' dir='ltr'>θυομένῳ)</span> 
     </span>
    </p>
   </div>
   <div class='ocr_carea' id='block_1_4' title="bbox 73 2953 624 3024">
    <p class='ocr_par' dir='ltr' id='par_1_4' title="bbox 73 2953 624 3024">
     <span class='ocr_line' id='line_1_25' title="bbox 73 2953 624 3024; baseline -0.005 -14"><span class='ocrx_word' id='word_1_235' title='bbox 73 2957 143 3024; x_wconf 90' lang='lat' dir='ltr'>quod</span> <span class='ocrx_word' id='word_1_236' title='bbox 163 2955 251 3010; x_wconf 89' lang='lat' dir='ltr'>latine</span> <span class='ocrx_word' id='word_1_237' title='bbox 269 2954 309 3008; x_wconf 88' lang='lat' dir='ltr'>ita</span> <span class='ocrx_word' id='word_1_238' title='bbox 327 2954 419 3010; x_wconf 85' lang='lat' dir='ltr'>reddit</span> <span class='ocrx_word' id='word_1_239' title='bbox 437 2953 551 3009; x_wconf 85' lang='lat' dir='ltr'>Ovidius</span> <span class='ocrx_word' id='word_1_240' title='bbox 569 2954 587 3008; x_wconf 95' lang='lat' dir='ltr'>l.</span> <span class='ocrx_word' id='word_1_241' title='bbox 607 2953 624 3008; x_wconf 88' lang='lat' dir='ltr'>l.</span> 
     </span>
    </p>
   </div>
   <div class='ocr_carea' id='block_1_5' title="bbox 424 3077 1240 3238">
    <p class='ocr_par' dir='ltr' id='par_1_5' title="bbox 424 3077 1240 3238">
     <span class='ocr_line' id='line_1_26' title="bbox 424 3077 1240 3149; baseline 0 -14"><span class='ocrx_word' id='word_1_242' title='bbox 424 3080 490 3135; x_wconf 91' lang='lat' dir='ltr'>rede</span> <span class='ocrx_word' id='word_1_243' title='bbox 509 3095 593 3149; x_wconf 88' lang='lat' dir='ltr'>caper</span> <span class='ocrx_word' id='word_1_244' title='bbox 612 3077 702 3144; x_wconf 81' lang='lat' dir='ltr'>ritem,</span> <span class='ocrx_word' id='word_1_245' title='bbox 722 3085 813 3134; x_wconf 66' lang='lat' dir='ltr'>amen</span> <span class='ocrx_word' id='word_1_246' title='bbox 833 3078 897 3134; x_wconf 91' lang='lat' dir='ltr'>hine</span> <span class='ocrx_word' id='word_1_247' title='bbox 916 3095 976 3134; x_wconf 89' lang='lat' dir='ltr'>eum</span> <span class='ocrx_word' id='word_1_248' title='bbox 995 3079 1082 3134; x_wconf 89' lang='lat' dir='ltr'>stabis</span> <span class='ocrx_word' id='word_1_249' title='bbox 1101 3079 1136 3134; x_wconf 86' lang='lat' dir='ltr'>ad</span> <span class='ocrx_word' id='word_1_250' title='bbox 1155 3095 1240 3144; x_wconf 89' lang='lat' dir='ltr'>aram,</span> 
     </span>
     <span class='ocr_line' id='line_1_27' title="bbox 493 3168 1104 3238; baseline 0 -16"><span class='ocrx_word' id='word_1_251' title='bbox 493 3168 521 3222; x_wconf 92' lang='lat' dir='ltr'>in</span> <span class='ocrx_word' id='word_1_252' title='bbox 541 3175 589 3223; x_wconf 95' lang='lat' dir='ltr'>tua</span> <span class='ocrx_word' id='word_1_253' title='bbox 608 3168 679 3238; x_wconf 88' lang='lat' dir='ltr'>quod</span> <span class='ocrx_word' id='word_1_254' title='bbox 697 3168 789 3238; x_wconf 87' lang='lat' dir='ltr'>spargi</span> <span class='ocrx_word' id='word_1_255' title='bbox 809 3183 909 3223; x_wconf 89' lang='lat' dir='ltr'>cornua</span> <span class='ocrx_word' id='word_1_256' title='bbox 928 3169 1022 3238; x_wconf 89' lang='lat' dir='ltr'>possit,</span> <span class='ocrx_word' id='word_1_257' title='bbox 1042 3168 1104 3224; x_wconf 89' lang='lat' dir='ltr'>erit.</span> 
     </span>
    </p>
   </div>
   <div class='ocr_carea' id='block_1_6' title="bbox 73 3291 1601 5054">
    <p class='ocr_par' dir='ltr' id='par_1_6' title="bbox 73 3291 1601 5054">
     <span class='ocr_line' id='line_1_28' title="bbox 75 3291 1599 3363; baseline 0.003 -17"><span class='ocrx_word' id='word_1_258' title='bbox 75 3293 146 3348; x_wconf 86' lang='lat' dir='ltr'>idom</span> <span class='ocrx_word' id='word_1_259' title='bbox 175 3291 203 3345; x_wconf 94' lang='lat' dir='ltr'>in</span> <span class='ocrx_word' id='word_1_260' title='bbox 231 3291 339 3346; x_wconf 85' lang='lat' dir='ltr'>brevius</span> <span class='ocrx_word' id='word_1_261' title='bbox 366 3292 502 3348; x_wconf 89' lang='lat' dir='ltr'>contraxit</span> <span class='ocrx_word' id='word_1_262' title='bbox 529 3292 639 3347; x_wconf 86' lang='lat' dir='ltr'>Euenus</span> <span class='ocrx_word' id='word_1_263' title='bbox 667 3292 826 3348; x_wconf 85' lang='lat' dir='ltr'>Ascalonita</span> <span class='ocrx_word' id='word_1_264' title='bbox 853 3294 936 3347; x_wconf 82' lang='lat' dir='ltr'>Antb.</span> <span class='ocrx_word' id='word_1_265' title='bbox 957 3293 1013 3347; x_wconf 91' lang='lat' dir='ltr'>Pol.</span> <span class='ocrx_word' id='word_1_266' title='bbox 1033 3293 1073 3348; x_wconf 90' lang='lat' dir='ltr'>IX</span> <span class='ocrx_word' id='word_1_267' title='bbox 1098 3293 1145 3360; x_wconf 83' lang='grc'>75,</span> <span class='ocrx_word' id='word_1_268' title='bbox 1173 3299 1204 3347; x_wconf 94' lang='lat' dir='ltr'>ut</span> <span class='ocrx_word' id='word_1_269' title='bbox 1226 3292 1350 3363; x_wconf 85' lang='lat' dir='ltr'>picturae</span> <span class='ocrx_word' id='word_1_270' title='bbox 1374 3294 1599 3351; x_wconf 84' lang='lat' dir='ltr'>subscriberetur.</span> 
     </span>
     <span class='ocr_line' id='line_1_29' title="bbox 76 3381 1599 3452; baseline 0.003 -18"><span class='ocrx_word' id='word_1_271' title='bbox 76 3397 138 3435; x_wconf 92' lang='lat' dir='ltr'>nam</span> <span class='ocrx_word' id='word_1_272' title='bbox 163 3397 251 3450; x_wconf 90' lang='lat' dir='ltr'>nuper</span> <span class='ocrx_word' id='word_1_273' title='bbox 273 3381 397 3448; x_wconf 87' lang='lat' dir='ltr'>Pompeis</span> <span class='ocrx_word' id='word_1_274' title='bbox 420 3382 528 3450; x_wconf 88' lang='lat' dir='ltr'>pictura</span> <span class='ocrx_word' id='word_1_275' title='bbox 551 3389 630 3436; x_wconf 90' lang='lat' dir='ltr'>eruta</span> <span class='ocrx_word' id='word_1_276' title='bbox 654 3387 696 3434; x_wconf 89' lang='lat' dir='ltr'>est</span> <span class='ocrx_word' id='word_1_277' title='bbox 719 3381 746 3435; x_wconf 94' lang='lat' dir='ltr'>in</span> <span class='ocrx_word' id='word_1_278' title='bbox 771 3397 825 3450; x_wconf 92' lang='lat' dir='ltr'>qua</span> <span class='ocrx_word' id='word_1_279' title='bbox 847 3381 924 3450; x_wconf 89' lang='lat' dir='ltr'>capri</span> <span class='ocrx_word' id='word_1_280' title='bbox 943 3387 971 3435; x_wconf 90' lang='lat' dir='ltr'>et</span> <span class='ocrx_word' id='word_1_281' title='bbox 988 3388 1131 3451; x_wconf 89' lang='lat' dir='ltr'>peccatum</span> <span class='ocrx_word' id='word_1_282' title='bbox 1152 3388 1180 3437; x_wconf 90' lang='lat' dir='ltr'>et</span> <span class='ocrx_word' id='word_1_283' title='bbox 1198 3397 1286 3452; x_wconf 87' lang='lat' dir='ltr'>poena</span> <span class='ocrx_word' id='word_1_284' title='bbox 1305 3397 1436 3451; x_wconf 85' lang='lat' dir='ltr'>expressa</span> <span class='ocrx_word' id='word_1_285' title='bbox 1453 3390 1527 3451; x_wconf 80' lang='lat' dir='ltr'>sunt3</span> <span class='ocrx_word' id='word_1_286' title='bbox 1552 3386 1599 3439; x_wconf 89' lang='lat' dir='ltr'>ad·</span> 
     </span>
     <span class='ocr_line' id='line_1_30' title="bbox 75 3469 1600 3541; baseline 0.002 -19"><span class='ocrx_word' id='word_1_287' title='bbox 75 3469 177 3539; x_wconf 89' lang='lat' dir='ltr'>pictum</span> <span class='ocrx_word' id='word_1_288' title='bbox 206 3475 297 3522; x_wconf 88' lang='lat' dir='ltr'>autem</span> <span class='ocrx_word' id='word_1_289' title='bbox 326 3473 367 3521; x_wconf 85' lang='lat' dir='ltr'>est</span> <span class='ocrx_word' id='word_1_290' title='bbox 394 3469 481 3523; x_wconf 85' lang='lat' dir='ltr'>Eueni</span> <span class='ocrx_word' id='word_1_291' title='bbox 510 3469 686 3538; x_wconf 88' lang='lat' dir='ltr'>epigramma.</span> <span class='ocrx_word' id='word_1_292' title='bbox 731 3469 940 3539; x_wconf 88' lang='lat' dir='ltr'>diligentissime</span> <span class='ocrx_word' id='word_1_293' title='bbox 969 3470 1044 3524; x_wconf 90' lang='lat' dir='ltr'>edita</span> <span class='ocrx_word' id='word_1_294' title='bbox 1072 3477 1115 3526; x_wconf 90' lang='lat' dir='ltr'>est</span> <span class='ocrx_word' id='word_1_295' title='bbox 1141 3471 1250 3541; x_wconf 89' lang='lat' dir='ltr'>pictura</span> <span class='ocrx_word' id='word_1_296' title='bbox 1277 3470 1351 3524; x_wconf 87' lang='lat' dir='ltr'>Mon.</span> <span class='ocrx_word' id='word_1_297' title='bbox 1375 3471 1401 3525; x_wconf 89' lang='lat' dir='ltr'>d.</span> <span class='ocrx_word' id='word_1_298' title='bbox 1424 3472 1446 3526; x_wconf 90' lang='lat' dir='ltr'>i.</span> <span class='ocrx_word' id='word_1_299' title='bbox 1471 3473 1495 3526; x_wconf 86' lang='grc' dir='ltr'><strong>Χ</strong></span> <span class='ocrx_word' id='word_1_300' title='bbox 1519 3475 1553 3528; x_wconf 89' lang='grc'>36</span> <span class='ocrx_word' id='word_1_301' title='bbox 1572 3478 1600 3526; x_wconf 92' lang='lat' dir='ltr'>et</span> 
     </span>
     <span class='ocr_line' id='line_1_31' title="bbox 74 3557 1598 3628; baseline 0 -14"><span class='ocrx_word' id='word_1_302' title='bbox 74 3563 202 3614; x_wconf 76' lang='lat' dir='ltr'>acccurate</span> <span class='ocrx_word' id='word_1_303' title='bbox 226 3557 365 3625; x_wconf 84' lang='lat' dir='ltr'>explicata</span> <span class='ocrx_word' id='word_1_304' title='bbox 383 3558 510 3611; x_wconf 79' lang='lat' dir='ltr'>acarolo</span> <span class='ocrx_word' id='word_1_305' title='bbox 528 3559 642 3626; x_wconf 91' lang='lat' dir='ltr'>Dilthcy</span> <span class='ocrx_word' id='word_1_306' title='bbox 661 3562 730 3612; x_wconf 79' lang='lat' dir='ltr'>Ann.</span> <span class='ocrx_word' id='word_1_307' title='bbox 750 3559 775 3613; x_wconf 92' lang='lat' dir='ltr'>d.</span> <span class='ocrx_word' id='word_1_308' title='bbox 796 3559 816 3612; x_wconf 93' lang='lat' dir='ltr'>I.</span> <span class='ocrx_word' id='word_1_309' title='bbox 837 3559 906 3614; x_wconf 84' lang='grc'><strong>1876</strong></span> <span class='ocrx_word' id='word_1_310' title='bbox 924 3577 949 3628; x_wconf 87' lang='lat' dir='ltr'>p.</span> <span class='ocrx_word' id='word_1_311' title='bbox 969 3559 1052 3613; x_wconf 67' lang='lat' dir='ltr'>aare.</span> <span class='ocrx_word' id='word_1_312' title='bbox 1073 3559 1119 3628; x_wconf 87' lang='lat' dir='ltr'>qui</span> <span class='ocrx_word' id='word_1_313' title='bbox 1138 3559 1172 3614; x_wconf 87' lang='lat' dir='ltr'>de</span> <span class='ocrx_word' id='word_1_314' title='bbox 1191 3557 1281 3612; x_wconf 86' lang='lat' dir='ltr'>Eueni</span> <span class='ocrx_word' id='word_1_315' title='bbox 1299 3558 1497 3628; x_wconf 86' lang='lat' dir='ltr'>epigrammate</span> <span class='ocrx_word' id='word_1_316' title='bbox 1516 3561 1598 3615; x_wconf 90' lang='lat' dir='ltr'>etiam</span> 
     </span>
     <span class='ocr_line' id='line_1_32' title="bbox 74 3645 1599 3718; baseline 0.001 -17"><span class='ocrx_word' id='word_1_317' title='bbox 74 3649 100 3701; x_wconf 91' lang='lat' dir='ltr'>in</span> <span class='ocrx_word' id='word_1_318' title='bbox 125 3653 326 3716; x_wconf 89' lang='lat' dir='ltr'>programmate</span> <span class='ocrx_word' id='word_1_319' title='bbox 350 3645 493 3700; x_wconf 85' lang='lat' dir='ltr'>Turicensi</span> <span class='ocrx_word' id='word_1_320' title='bbox 517 3647 574 3714; x_wconf 88' lang='lat' dir='ltr'>egit</span> <span class='ocrx_word' id='word_1_321' title='bbox 601 3647 845 3715; x_wconf 68' lang='lat' dir='ltr'>(Epigrammatum</span> <span class='ocrx_word' id='word_1_322' title='bbox 868 3663 1027 3716; x_wconf 85' lang='lat' dir='ltr'>graecorum</span> <span class='ocrx_word' id='word_1_323' title='bbox 1050 3646 1177 3718; x_wconf 89' lang='lat' dir='ltr'>Pompeis</span> <span class='ocrx_word' id='word_1_324' title='bbox 1199 3653 1370 3718; x_wconf 88' lang='lat' dir='ltr'>repertorum</span> <span class='ocrx_word' id='word_1_325' title='bbox 1395 3648 1482 3709; x_wconf 77' lang='lat' dir='ltr'>trlast.</span> <span class='ocrx_word' id='word_1_326' title='bbox 1523 3649 1599 3705; x_wconf 87' lang='lat' dir='ltr'>rides</span> 
     </span>
     <span class='ocr_line' id='line_1_33' title="bbox 74 3734 1599 3806; baseline 0.001 -16"><span class='ocrx_word' id='word_1_327' title='bbox 74 3751 153 3806; x_wconf 88' lang='lat' dir='ltr'>quam</span> <span class='ocrx_word' id='word_1_328' title='bbox 182 3741 247 3790; x_wconf 90' lang='lat' dir='ltr'>nota</span> <span class='ocrx_word' id='word_1_329' title='bbox 276 3734 471 3804; x_wconf 87' lang='lat' dir='ltr'>popularisque</span> <span class='ocrx_word' id='word_1_330' title='bbox 500 3734 603 3790; x_wconf 84' lang='lat' dir='ltr'>labella</span> <span class='ocrx_word' id='word_1_331' title='bbox 630 3736 721 3792; x_wconf 85' lang='lat' dir='ltr'>luerit.</span> <span class='ocrx_word' id='word_1_332' title='bbox 760 3738 873 3792; x_wconf 90' lang='lat' dir='ltr'>eandem</span> <span class='ocrx_word' id='word_1_333' title='bbox 902 3736 998 3806; x_wconf 87' lang='lat' dir='ltr'>igitur,</span> <span class='ocrx_word' id='word_1_334' title='bbox 1027 3753 1108 3806; x_wconf 88' lang='lat' dir='ltr'>quam</span> <span class='ocrx_word' id='word_1_335' title='bbox 1131 3736 1245 3792; x_wconf 85' lang='lat' dir='ltr'>Ovidius</span> <span class='ocrx_word' id='word_1_336' title='bbox 1273 3743 1313 3804; x_wconf 91' lang='lat' dir='ltr'>et,</span> <span class='ocrx_word' id='word_1_337' title='bbox 1342 3737 1366 3792; x_wconf 89' lang='lat' dir='ltr'>si</span> <span class='ocrx_word' id='word_1_338' title='bbox 1388 3744 1464 3794; x_wconf 88' lang='lat' dir='ltr'>recte</span> <span class='ocrx_word' id='word_1_339' title='bbox 1486 3738 1599 3800; x_wconf 84' lang='lat' dir='ltr'>conieci,</span> 
     </span>
     <span class='ocr_line' id='line_1_34' title="bbox 74 3823 1601 3896; baseline 0.001 -18"><span class='ocrx_word' id='word_1_340' title='bbox 74 3825 269 3878; x_wconf 86' lang='lat' dir='ltr'>Eratosthenes</span> <span class='ocrx_word' id='word_1_341' title='bbox 293 3824 321 3876; x_wconf 92' lang='lat' dir='ltr'>in</span> <span class='ocrx_word' id='word_1_342' title='bbox 346 3823 466 3892; x_wconf 83' lang='lat' dir='ltr'>Erigone</span> <span class='ocrx_word' id='word_1_343' title='bbox 489 3824 572 3878; x_wconf 90' lang='lat' dir='ltr'>latius</span> <span class='ocrx_word' id='word_1_344' title='bbox 596 3831 792 3894; x_wconf 86' lang='lat' dir='ltr'>exposuerunt,</span> <span class='ocrx_word' id='word_1_345' title='bbox 816 3825 981 3896; x_wconf 88' lang='lat' dir='ltr'>Porphyrius</span> <span class='ocrx_word' id='word_1_346' title='bbox 1005 3826 1039 3880; x_wconf 90' lang='lat' dir='ltr'>de</span> <span class='ocrx_word' id='word_1_347' title='bbox 1063 3824 1230 3880; x_wconf 89' lang='lat' dir='ltr'>abstinentia</span> <span class='ocrx_word' id='word_1_348' title='bbox 1247 3826 1282 3890; x_wconf 85' lang='grc' dir='ltr'>ΙΙ,</span> <span class='ocrx_word' id='word_1_349' title='bbox 1304 3828 1337 3880; x_wconf 92' lang='grc'>10</span> <span class='ocrx_word' id='word_1_350' title='bbox 1359 3825 1497 3896; x_wconf 88' lang='lat' dir='ltr'>significat</span> <span class='ocrx_word' id='word_1_351' title='bbox 1520 3827 1601 3880; x_wconf 89' lang='lat' dir='ltr'>inea</span> 
     </span>
     <span class='ocr_line' id='line_1_35' title="bbox 74 3911 1599 3985; baseline 0.001 -19"><span class='ocrx_word' id='word_1_352' title='bbox 74 3911 136 3966; x_wconf 88' lang='lat' dir='ltr'>libri</span> <span class='ocrx_word' id='word_1_353' title='bbox 159 3911 271 3967; x_wconf 88' lang='lat' dir='ltr'>secundi</span> <span class='ocrx_word' id='word_1_354' title='bbox 296 3918 386 3981; x_wconf 89' lang='lat' dir='ltr'>parte,</span> <span class='ocrx_word' id='word_1_355' title='bbox 412 3929 492 3982; x_wconf 91' lang='lat' dir='ltr'>quam</span> <span class='ocrx_word' id='word_1_356' title='bbox 517 3919 565 3967; x_wconf 92' lang='lat' dir='ltr'>aut</span> <span class='ocrx_word' id='word_1_357' title='bbox 587 3913 622 3968; x_wconf 91' lang='lat' dir='ltr'>de</span> <span class='ocrx_word' id='word_1_358' title='bbox 645 3913 701 3968; x_wconf 89' lang='lat' dir='ltr'>suis</span> <span class='ocrx_word' id='word_1_359' title='bbox 724 3921 772 3968; x_wconf 86' lang='lat' dir='ltr'>aut</span> <span class='ocrx_word' id='word_1_360' title='bbox 796 3931 830 3968; x_wconf 88' lang='lat' dir='ltr'>ex</span> <span class='ocrx_word' id='word_1_361' title='bbox 849 3913 904 3968; x_wconf 91' lang='lat' dir='ltr'>alio</span> <span class='ocrx_word' id='word_1_362' title='bbox 927 3913 1002 3968; x_wconf 87' lang='lat' dir='ltr'>lente</span> <span class='ocrx_word' id='word_1_363' title='bbox 1021 3913 1204 3982; x_wconf 87' lang='lat' dir='ltr'>Theophrasti</span> <span class='ocrx_word' id='word_1_364' title='bbox 1223 3912 1405 3983; x_wconf 86' lang='lat' dir='ltr'>disputationi</span> <span class='ocrx_word' id='word_1_365' title='bbox 1423 3915 1599 3985; x_wconf 77' lang='lat' dir='ltr'>interposuit3</span> 
     </span>
     <span class='ocr_line' id='line_1_36' title="bbox 74 3990 1599 4076; baseline 0.001 -20"><span class='ocrx_word' id='word_1_366' title='bbox 74 4001 141 4056; x_wconf 88' lang='lat' dir='ltr'>dicit</span> <span class='ocrx_word' id='word_1_367' title='bbox 168 4000 238 4054; x_wconf 90' lang='lat' dir='ltr'>enim</span> <span class='ocrx_word' id='word_1_368' title='bbox 267 3993 334 4069; x_wconf 82' lang='grc' dir='ltr'><strong><em>αἶγα</em></strong></span> <span class='ocrx_word' id='word_1_369' title='bbox 362 3995 388 4053; x_wconf 81' lang='grc' dir='ltr'>δ’</span> <span class='ocrx_word' id='word_1_370' title='bbox 418 3997 449 4054; x_wconf 70' lang='grc' dir='ltr'>ἐν</span> <span class='ocrx_word' id='word_1_371' title='bbox 475 3995 579 4076; x_wconf 67' lang='lat' dir='ltr'>laepia</span> <span class='ocrx_word' id='word_1_372' title='bbox 613 4005 661 4070; x_wconf 86' lang='grc' dir='ltr'>τῆς</span> <span class='ocrx_word' id='word_1_373' title='bbox 692 4003 810 4071; x_wconf 58' lang='grc' dir='ltr'>,Ἀττικῆς</span> <span class='ocrx_word' id='word_1_374' title='bbox 838 3997 1028 4072; x_wconf 78' lang='grc' dir='ltr'><strong><em>ἐχειρώσαντο</em></strong></span> <span class='ocrx_word' id='word_1_375' title='bbox 1056 4005 1179 4073; x_wconf 85' lang='grc' dir='ltr'><strong><em>πρῶτον,</em></strong></span> <span class='ocrx_word' id='word_1_376' title='bbox 1207 3990 1249 4056; x_wconf 72' lang='grc' dir='ltr'>ὅτι</span> <span class='ocrx_word' id='word_1_377' title='bbox 1278 3995 1406 4070; x_wconf 78' lang='grc' dir='ltr'><strong><em>ἄμπελον</em></strong></span> <span class='ocrx_word' id='word_1_378' title='bbox 1432 3997 1599 4076; x_wconf 74' lang='grc' dir='ltr'><strong><em>ἀπέθρισεν.</em></strong></span> 
     </span>
     <span class='ocr_line' id='line_1_37' title="bbox 74 4088 1599 4161; baseline 0.002 -18"><span class='ocrx_word' id='word_1_379' title='bbox 74 4088 237 4158; x_wconf 87' lang='lat' dir='ltr'>Bernayaius</span> <span class='ocrx_word' id='word_1_380' title='bbox 255 4090 363 4158; x_wconf 85' lang='lat' dir='ltr'>quidem</span> <span class='ocrx_word' id='word_1_381' title='bbox 382 4090 597 4159; x_wconf 80' lang='lat' dir='ltr'>(Theophrastos</span> <span class='ocrx_word' id='word_1_382' title='bbox 616 4093 685 4144; x_wconf 85' lang='lat' dir='ltr'>uber</span> <span class='ocrx_word' id='word_1_383' title='bbox 702 4091 748 4145; x_wconf 90' lang='lat' dir='ltr'>die</span> <span class='ocrx_word' id='word_1_384' title='bbox 767 4091 967 4160; x_wconf 81' lang='lat' dir='ltr'>Frommiglreit</span> <span class='ocrx_word' id='word_1_385' title='bbox 984 4109 1010 4161; x_wconf 91' lang='lat' dir='ltr'>p.</span> <span class='ocrx_word' id='word_1_386' title='bbox 1031 4093 1074 4150; x_wconf 79' lang='lat' dir='ltr'>ort</span> <span class='ocrx_word' id='word_1_387' title='bbox 1093 4093 1144 4146; x_wconf 87' lang='lat' dir='ltr'>hoe</span> <span class='ocrx_word' id='word_1_388' title='bbox 1159 4107 1270 4160; x_wconf 88' lang='lat' dir='ltr'>quoque</span> <span class='ocrx_word' id='word_1_389' title='bbox 1289 4091 1432 4146; x_wconf 84' lang='lat' dir='ltr'>frustulum</span> <span class='ocrx_word' id='word_1_390' title='bbox 1458 4107 1491 4148; x_wconf 83' lang='lat' dir='ltr'>ex</span> <span class='ocrx_word' id='word_1_391' title='bbox 1511 4091 1599 4146; x_wconf 90' lang='lat' dir='ltr'>Theo-</span> 
     </span>
     <span class='ocr_line' id='line_1_38' title="bbox 75 4175 1600 4249; baseline 0.002 -18"><span class='ocrx_word' id='word_1_392' title='bbox 75 4181 185 4248; x_wconf 84' lang='lat' dir='ltr'>phrasto</span> <span class='ocrx_word' id='word_1_393' title='bbox 203 4175 312 4232; x_wconf 71' lang='lat' dir='ltr'>diruisse</span> <span class='ocrx_word' id='word_1_394' title='bbox 331 4179 493 4248; x_wconf 86' lang='lat' dir='ltr'>suspicatur,</span> <span class='ocrx_word' id='word_1_395' title='bbox 518 4179 546 4233; x_wconf 89' lang='lat' dir='ltr'>id</span> <span class='ocrx_word' id='word_1_396' title='bbox 565 4182 636 4248; x_wconf 91' lang='lat' dir='ltr'>quod</span> <span class='ocrx_word' id='word_1_397' title='bbox 655 4181 762 4234; x_wconf 87' lang='lat' dir='ltr'>cautius</span> <span class='ocrx_word' id='word_1_398' title='bbox 782 4181 808 4236; x_wconf 90' lang='lat' dir='ltr'>in</span> <span class='ocrx_word' id='word_1_399' title='bbox 828 4180 918 4236; x_wconf 90' lang='lat' dir='ltr'>medio</span> <span class='ocrx_word' id='word_1_400' title='bbox 936 4180 1129 4248; x_wconf 88' lang='lat' dir='ltr'>relinquemus.</span> <span class='ocrx_word' id='word_1_401' title='bbox 1167 4181 1260 4236; x_wconf 86' lang='lat' dir='ltr'>variae</span> <span class='ocrx_word' id='word_1_402' title='bbox 1278 4186 1370 4234; x_wconf 91' lang='lat' dir='ltr'>autem</span> <span class='ocrx_word' id='word_1_403' title='bbox 1389 4181 1415 4234; x_wconf 92' lang='lat' dir='ltr'>in</span> <span class='ocrx_word' id='word_1_404' title='bbox 1435 4179 1600 4249; x_wconf 87' lang='lat' dir='ltr'>antiquitate</span> 
     </span>
     <span class='ocr_line' id='line_1_39' title="bbox 75 4265 1599 4338; baseline 0.002 -18"><span class='ocrx_word' id='word_1_405' title='bbox 75 4265 334 4320; x_wconf 81' lang='lat' dir='ltr'>circumferebantur</span> <span class='ocrx_word' id='word_1_406' title='bbox 351 4267 530 4333; x_wconf 87' lang='lat' dir='ltr'>narrationes,</span> <span class='ocrx_word' id='word_1_407' title='bbox 550 4285 620 4337; x_wconf 88' lang='lat' dir='ltr'>quae</span> <span class='ocrx_word' id='word_1_408' title='bbox 639 4285 733 4324; x_wconf 90' lang='lat' dir='ltr'>omnes</span> <span class='ocrx_word' id='word_1_409' title='bbox 751 4269 778 4324; x_wconf 91' lang='lat' dir='ltr'>in</span> <span class='ocrx_word' id='word_1_410' title='bbox 794 4269 930 4324; x_wconf 84' lang='lat' dir='ltr'>rariorum</span> <span class='ocrx_word' id='word_1_411' title='bbox 945 4269 1140 4324; x_wconf 82' lang='lat' dir='ltr'>sacrificiorum</span> <span class='ocrx_word' id='word_1_412' title='bbox 1155 4269 1306 4338; x_wconf 89' lang='lat' dir='ltr'>originibus</span> <span class='ocrx_word' id='word_1_413' title='bbox 1323 4268 1494 4338; x_wconf 85' lang='lat' dir='ltr'>explicandis</span> <span class='ocrx_word' id='word_1_414' title='bbox 1508 4285 1599 4324; x_wconf 79' lang='lat' dir='ltr'>versa-</span> 
     </span>
     <span class='ocr_line' id='line_1_40' title="bbox 74 4354 1599 4428; baseline 0.001 -18"><span class='ocrx_word' id='word_1_415' title='bbox 74 4357 178 4410; x_wconf 89' lang='lat' dir='ltr'>bantur.</span> <span class='ocrx_word' id='word_1_416' title='bbox 207 4355 260 4407; x_wconf 90' lang='lat' dir='ltr'>huc</span> <span class='ocrx_word' id='word_1_417' title='bbox 279 4354 382 4409; x_wconf 81' lang='lat' dir='ltr'>sariunt</span> <span class='ocrx_word' id='word_1_418' title='bbox 401 4373 435 4410; x_wconf 89' lang='lat' dir='ltr'>ea</span> <span class='ocrx_word' id='word_1_419' title='bbox 452 4357 544 4412; x_wconf 91' lang='lat' dir='ltr'>omnia</span> <span class='ocrx_word' id='word_1_420' title='bbox 562 4373 632 4426; x_wconf 91' lang='lat' dir='ltr'>quae</span> <span class='ocrx_word' id='word_1_421' title='bbox 647 4356 761 4412; x_wconf 87' lang='lat' dir='ltr'>Ovidius</span> <span class='ocrx_word' id='word_1_422' title='bbox 776 4356 793 4410; x_wconf 94' lang='lat' dir='ltr'>l.</span> <span class='ocrx_word' id='word_1_423' title='bbox 809 4375 829 4412; x_wconf 91' lang='lat' dir='ltr'>s.</span> <span class='ocrx_word' id='word_1_424' title='bbox 845 4357 930 4412; x_wconf 87' lang='lat' dir='ltr'>habet</span> <span class='ocrx_word' id='word_1_425' title='bbox 948 4357 1083 4426; x_wconf 84' lang='lat' dir='ltr'>exempla.</span> <span class='ocrx_word' id='word_1_426' title='bbox 1103 4361 1156 4412; x_wconf 89' lang='lat' dir='ltr'>huc</span> <span class='ocrx_word' id='word_1_427' title='bbox 1175 4357 1286 4428; x_wconf 88' lang='lat' dir='ltr'>egregia</span> <span class='ocrx_word' id='word_1_428' title='bbox 1305 4356 1354 4411; x_wconf 92' lang='lat' dir='ltr'>illa</span> <span class='ocrx_word' id='word_1_429' title='bbox 1368 4364 1451 4427; x_wconf 88' lang='lat' dir='ltr'>atque</span> <span class='ocrx_word' id='word_1_430' title='bbox 1466 4357 1599 4412; x_wconf 89' lang='lat' dir='ltr'>irrisionis</span> 
     </span>
     <span class='ocr_line' id='line_1_41' title="bbox 74 4443 1598 4515; baseline 0.002 -17"><span class='ocrx_word' id='word_1_431' title='bbox 74 4445 154 4514; x_wconf 86' lang='lat' dir='ltr'>plena</span> <span class='ocrx_word' id='word_1_432' title='bbox 177 4443 310 4510; x_wconf 90' lang='lat' dir='ltr'>narratio,</span> <span class='ocrx_word' id='word_1_433' title='bbox 338 4459 417 4512; x_wconf 87' lang='lat' dir='ltr'>quam</span> <span class='ocrx_word' id='word_1_434' title='bbox 441 4445 564 4515; x_wconf 88' lang='lat' dir='ltr'>Hyginus</span> <span class='ocrx_word' id='word_1_435' title='bbox 589 4447 668 4501; x_wconf 78' lang='lat'>1115</span> <span class='ocrx_word' id='word_1_436' title='bbox 692 4447 725 4501; x_wconf 92' lang='lat' dir='ltr'>de</span> <span class='ocrx_word' id='word_1_437' title='bbox 748 4447 911 4500; x_wconf 89' lang='lat' dir='ltr'>Prometheo</span> <span class='ocrx_word' id='word_1_438' title='bbox 933 4447 1025 4500; x_wconf 89' lang='lat' dir='ltr'>nescio</span> <span class='ocrx_word' id='word_1_439' title='bbox 1049 4462 1128 4515; x_wconf 91' lang='lat' dir='ltr'>quem</span> <span class='ocrx_word' id='word_1_440' title='bbox 1152 4453 1305 4512; x_wconf 86' lang='lat' dir='ltr'>auctorem,</span> <span class='ocrx_word' id='word_1_441' title='bbox 1329 4453 1403 4500; x_wconf 88' lang='lat' dir='ltr'>certe</span> <span class='ocrx_word' id='word_1_442' title='bbox 1426 4462 1479 4500; x_wconf 93' lang='lat' dir='ltr'>non</span> <span class='ocrx_word' id='word_1_443' title='bbox 1502 4447 1598 4501; x_wconf 77' lang='lat' dir='ltr'>Erato</span> 
     </span>
     <span class='ocr_line' id='line_1_42' title="bbox 73 4532 1600 4604; baseline 0.001 -16"><span class='ocrx_word' id='word_1_444' title='bbox 73 4537 208 4596; x_wconf 84' lang='lat' dir='ltr'>athonem,</span> <span class='ocrx_word' id='word_1_445' title='bbox 237 4538 346 4586; x_wconf 88' lang='lat' dir='ltr'>secutus</span> <span class='ocrx_word' id='word_1_446' title='bbox 373 4532 490 4602; x_wconf 67' lang='lat' dir='ltr'>profem</span> <span class='ocrx_word' id='word_1_447' title='bbox 518 4535 595 4588; x_wconf 90' lang='lat' dir='ltr'>cuins</span> <span class='ocrx_word' id='word_1_448' title='bbox 622 4533 789 4589; x_wconf 82' lang='lat' dir='ltr'>narrationis</span> <span class='ocrx_word' id='word_1_449' title='bbox 811 4533 976 4604; x_wconf 86' lang='lat' dir='ltr'>elegantiam</span> <span class='ocrx_word' id='word_1_450' title='bbox 1001 4534 1158 4590; x_wconf 85' lang='lat' dir='ltr'>obscuravit</span> <span class='ocrx_word' id='word_1_451' title='bbox 1179 4535 1229 4589; x_wconf 92' lang='lat' dir='ltr'>ille</span> <span class='ocrx_word' id='word_1_452' title='bbox 1252 4535 1374 4604; x_wconf 86' lang='lat' dir='ltr'>quidem,</span> <span class='ocrx_word' id='word_1_453' title='bbox 1402 4533 1513 4590; x_wconf 88' lang='lat' dir='ltr'>minime</span> <span class='ocrx_word' id='word_1_454' title='bbox 1535 4552 1600 4590; x_wconf 86' lang='lat' dir='ltr'>roro</span> 
     </span>
     <span class='ocr_line' id='line_1_43' title="bbox 73 4620 1599 4694; baseline 0.001 -17"><span class='ocrx_word' id='word_1_455' title='bbox 73 4621 189 4677; x_wconf 89' lang='lat' dir='ltr'>sustulit.</span> <span class='ocrx_word' id='word_1_456' title='bbox 227 4620 279 4676; x_wconf 86' lang='lat' dir='ltr'>iam</span> <span class='ocrx_word' id='word_1_457' title='bbox 301 4621 388 4688; x_wconf 84' lang='lat' dir='ltr'>vides,</span> <span class='ocrx_word' id='word_1_458' title='bbox 411 4637 492 4692; x_wconf 90' lang='lat' dir='ltr'>quam</span> <span class='ocrx_word' id='word_1_459' title='bbox 511 4629 571 4678; x_wconf 91' lang='lat' dir='ltr'>arte</span> <span class='ocrx_word' id='word_1_460' title='bbox 590 4625 658 4678; x_wconf 89' lang='lat' dir='ltr'>haec</span> <span class='ocrx_word' id='word_1_461' title='bbox 677 4622 768 4678; x_wconf 91' lang='lat' dir='ltr'>omnia</span> <span class='ocrx_word' id='word_1_462' title='bbox 786 4625 951 4680; x_wconf 89' lang='lat' dir='ltr'>cohaereant</span> <span class='ocrx_word' id='word_1_463' title='bbox 971 4640 1031 4679; x_wconf 90' lang='lat' dir='ltr'>cum</span> <span class='ocrx_word' id='word_1_464' title='bbox 1051 4623 1211 4692; x_wconf 88' lang='lat' dir='ltr'>quaestione</span> <span class='ocrx_word' id='word_1_465' title='bbox 1230 4623 1257 4678; x_wconf 93' lang='lat' dir='ltr'>in</span> <span class='ocrx_word' id='word_1_466' title='bbox 1277 4623 1498 4694; x_wconf 89' lang='lat' dir='ltr'>philosophorum</span> <span class='ocrx_word' id='word_1_467' title='bbox 1517 4623 1599 4680; x_wconf 90' lang='lat' dir='ltr'>disci·</span> 
     </span>
     <span class='ocr_line' id='line_1_44' title="bbox 74 4708 1600 4782; baseline 0.003 -18"><span class='ocrx_word' id='word_1_468' title='bbox 74 4710 155 4781; x_wconf 87' lang='lat' dir='ltr'>plinis</span> <span class='ocrx_word' id='word_1_469' title='bbox 178 4708 246 4764; x_wconf 90' lang='lat' dir='ltr'>miro</span> <span class='ocrx_word' id='word_1_470' title='bbox 270 4709 360 4764; x_wconf 89' lang='lat' dir='ltr'>studio</span> <span class='ocrx_word' id='word_1_471' title='bbox 384 4717 516 4776; x_wconf 86' lang='lat' dir='ltr'>tractata,</span> <span class='ocrx_word' id='word_1_472' title='bbox 540 4728 610 4781; x_wconf 89' lang='lat' dir='ltr'>quae</span> <span class='ocrx_word' id='word_1_473' title='bbox 634 4719 676 4768; x_wconf 92' lang='lat' dir='ltr'>est</span> <span class='ocrx_word' id='word_1_474' title='bbox 699 4713 732 4767; x_wconf 89' lang='lat' dir='ltr'>de</span> <span class='ocrx_word' id='word_1_475' title='bbox 756 4711 866 4778; x_wconf 90' lang='lat' dir='ltr'>hostiis,</span> <span class='ocrx_word' id='word_1_476' title='bbox 890 4712 924 4766; x_wconf 88' lang='lat' dir='ltr'>de</span> <span class='ocrx_word' id='word_1_477' title='bbox 948 4728 1001 4782; x_wconf 90' lang='lat' dir='ltr'>qua</span> <span class='ocrx_word' id='word_1_478' title='bbox 1025 4713 1179 4782; x_wconf 86' lang='lat' dir='ltr'>praeclare,</span> <span class='ocrx_word' id='word_1_479' title='bbox 1204 4719 1235 4766; x_wconf 91' lang='lat' dir='ltr'>ut</span> <span class='ocrx_word' id='word_1_480' title='bbox 1258 4714 1340 4778; x_wconf 87' lang='lat' dir='ltr'>solet,</span> <span class='ocrx_word' id='word_1_481' title='bbox 1364 4712 1515 4782; x_wconf 85' lang='lat' dir='ltr'>disputarit</span> <span class='ocrx_word' id='word_1_482' title='bbox 1532 4715 1600 4772; x_wconf 89' lang='lat' dir='ltr'>Ber·</span> 
     </span>
     <span class='ocr_line' id='line_1_45' title="bbox 74 4799 1601 4871; baseline 0.003 -17"><span class='ocrx_word' id='word_1_483' title='bbox 74 4799 182 4870; x_wconf 91' lang='lat' dir='ltr'>naysius</span> <span class='ocrx_word' id='word_1_484' title='bbox 200 4799 227 4853; x_wconf 91' lang='lat' dir='ltr'>in</span> <span class='ocrx_word' id='word_1_485' title='bbox 248 4815 279 4854; x_wconf 87' lang='lat' dir='ltr'>eo</span> <span class='ocrx_word' id='word_1_486' title='bbox 298 4816 377 4868; x_wconf 89' lang='lat' dir='ltr'>quem</span> <span class='ocrx_word' id='word_1_487' title='bbox 398 4801 477 4855; x_wconf 86' lang='lat' dir='ltr'>morlo</span> <span class='ocrx_word' id='word_1_488' title='bbox 495 4801 606 4856; x_wconf 84' lang='lat' dir='ltr'>laudavi</span> <span class='ocrx_word' id='word_1_489' title='bbox 625 4799 728 4856; x_wconf 87' lang='lat' dir='ltr'>libello.</span> <span class='ocrx_word' id='word_1_490' title='bbox 766 4801 846 4856; x_wconf 81' lang='lat' dir='ltr'>valde</span> <span class='ocrx_word' id='word_1_491' title='bbox 865 4801 950 4866; x_wconf 89' lang='lat' dir='ltr'>doleo,</span> <span class='ocrx_word' id='word_1_492' title='bbox 971 4801 1041 4870; x_wconf 91' lang='lat' dir='ltr'>quod</span> <span class='ocrx_word' id='word_1_493' title='bbox 1060 4817 1132 4856; x_wconf 89' lang='lat' dir='ltr'>nunc</span> <span class='ocrx_word' id='word_1_494' title='bbox 1151 4799 1260 4870; x_wconf 88' lang='lat' dir='ltr'>quidem</span> <span class='ocrx_word' id='word_1_495' title='bbox 1280 4801 1455 4868; x_wconf 76' lang='lat' dir='ltr'>mactatam,</span> <span class='ocrx_word' id='word_1_496' title='bbox 1475 4818 1530 4871; x_wconf 91' lang='lat' dir='ltr'>qua</span> <span class='ocrx_word' id='word_1_497' title='bbox 1548 4805 1601 4858; x_wconf 88' lang='lat' dir='ltr'>hae</span> 
     </span>
     <span class='ocr_line' id='line_1_46' title="bbox 74 4887 1600 4961; baseline 0.001 -17"><span class='ocrx_word' id='word_1_498' title='bbox 74 4889 241 4944; x_wconf 88' lang='lat' dir='ltr'>narrationes</span> <span class='ocrx_word' id='word_1_499' title='bbox 264 4895 341 4943; x_wconf 91' lang='lat' dir='ltr'>ortae</span> <span class='ocrx_word' id='word_1_500' title='bbox 364 4887 431 4952; x_wconf 88' lang='lat' dir='ltr'>sint,</span> <span class='ocrx_word' id='word_1_501' title='bbox 454 4890 609 4946; x_wconf 90' lang='lat' dir='ltr'>accuratius</span> <span class='ocrx_word' id='word_1_502' title='bbox 632 4889 772 4961; x_wconf 90' lang='lat' dir='ltr'>inquirere</span> <span class='ocrx_word' id='word_1_503' title='bbox 795 4906 909 4960; x_wconf 88' lang='lat' dir='ltr'>nequeo.</span> <span class='ocrx_word' id='word_1_504' title='bbox 947 4906 1009 4945; x_wconf 89' lang='lat' dir='ltr'>nam</span> <span class='ocrx_word' id='word_1_505' title='bbox 1033 4907 1135 4961; x_wconf 89' lang='lat' dir='ltr'>paucas</span> <span class='ocrx_word' id='word_1_506' title='bbox 1159 4905 1251 4945; x_wconf 91' lang='lat' dir='ltr'>earum</span> <span class='ocrx_word' id='word_1_507' title='bbox 1276 4897 1372 4960; x_wconf 90' lang='lat' dir='ltr'>quarto</span> <span class='ocrx_word' id='word_1_508' title='bbox 1395 4892 1505 4947; x_wconf 89' lang='lat' dir='ltr'>saeculo</span> <span class='ocrx_word' id='word_1_509' title='bbox 1528 4891 1600 4947; x_wconf 92' lang='lat' dir='ltr'>anti-</span> 
     </span>
     <span class='ocr_line' id='line_1_47' title="bbox 75 4978 408 5054; baseline 0 -20"><span class='ocrx_word' id='word_1_510' title='bbox 75 4978 180 5054; x_wconf 86' lang='lat' dir='ltr'>quiores</span> <span class='ocrx_word' id='word_1_511' title='bbox 199 4993 258 5033; x_wconf 86' lang='lat' dir='ltr'>esae</span> <span class='ocrx_word' id='word_1_512' title='bbox 277 4978 408 5050; x_wconf 85' lang='lat' dir='ltr'>suspicor.</span> 
     </span>
    </p>
   </div>
   <div class='ocr_carea' id='block_1_7' title="bbox 0 0 1961 5802">
    <p class='ocr_par' dir='ltr' id='par_1_7' title="bbox 0 0 1961 5802">
     <span class='ocr_line' id='line_1_48' title="bbox 0 0 1961 5802; baseline 0 0"><span class='ocrx_word' id='word_1_513' title='bbox 0 0 1961 5802; x_wconf 95' lang='lat' dir='ltr'> </span> 
     </span>
    </p>
   </div>
  </div>
 </body>
</html>
