3908 5802
360 441 403 508 32

359 622 522 689 Bucolicos
543 644 606 688 uno
630 623 754 690 stabulo
778 627 986 710 congregavit,
1010 627 1094 692 haud
1118 627 1213 694 dubie
1236 629 1350 693 diversi
1374 629 1412 694 de
1433 629 1545 696 Amore
1569 629 1687 714 elegiae
1710 630 1787 696 alibi
1806 652 1889 696 com-

359 739 578 798 memorantur.
616 733 729 799 deinde
751 734 910 800 rarissime
932 733 977 812 fit,
1001 743 1037 800 ut
1060 736 1098 801 de
1121 736 1351 802 comoediarum
1373 737 1566 820 argumentis
1584 738 1632 803 vel
1655 737 1694 802 de
1716 738 1889 804 historialis

359 839 392 902 in
415 839 460 903 eis
483 837 586 904 obiter
608 843 763 906 enarnttis
786 843 984 920 edoceamur3
1008 850 1057 908 ter
1081 845 1196 908 iactum
1221 845 1254 908 in
1276 844 1336 910 hoc
1358 845 1448 921 libro,
1472 847 1504 910 in
1527 867 1671 930 quonon
1693 845 1889 910 0010000(-

358 946 417 1009 tini
438 946 609 1030 Νεμέσεως
631 957 858 1032 argumentum,
881 952 936 1015 sed
959 951 1054 1016 utinm
1075 950 1238 1034 rtmpbidis
1257 953 1338 1016 duae
1357 953 1552 1018 narrationes
1571 952 1767 1018 adseruntur.
1806 953 1888 1036 quod

358 1075 379 1116 a
401 1053 527 1118 falsario
553 1054 620 1120 fiori
648 1056 734 1120 nullo
757 1057 849 1122 modo
872 1059 957 1124 credi
981 1065 1098 1141 potest;
1126 1067 1237 1122 contra
1259 1060 1349 1124 unico
1372 1061 1462 1124 decet
1489 1060 1591 1137 illum,
1619 1059 1672 1144 qui
1695 1060 1735 1124 de
1757 1061 1890 1144 antiqua

358 1161 518 1225 comoedia
544 1162 739 1245 praeclarum
767 1166 938 1248 composuit
965 1165 1088 1230 librum.
1134 1165 1209 1248 quid
1237 1167 1321 1248 quod
1350 1166 1398 1230 vel
1427 1166 1489 1231 duo
1516 1166 1634 1230 Pliadis
1660 1166 1891 1231 Alexandrinae

358 1267 527 1335 laudantur
553 1269 679 1352 tragici,
706 1269 882 1336 Sositheum
910 1273 979 1338 dico
1008 1279 1039 1336 et
1066 1271 1244 1338 Philiscum.
1291 1273 1477 1338 eSositheo
1505 1274 1729 1357 lepidissimum
1753 1273 1889 1338 01000(-

358 1375 512 1459 drinoquo
533 1383 627 1460 poeta
650 1379 865 1460 dignissimum
884 1387 1090 1445 commentum
1115 1387 1288 1456 enarratur,
1310 1380 1466 1444 hominem
1490 1379 1584 1445 fuisse
1603 1380 1760 1456 Plausum,
1783 1381 1890 1444 Masa-

358 1503 427 1546 rum
446 1484 584 1548 sodalem
602 1492 699 1567 atquo
717 1485 917 1552 conlusorem.
954 1487 1081 1553 Philisci
1103 1495 1208 1552 antem
1231 1487 1451 1552 lascivissimae
1471 1486 1597 1552 fabulae
1620 1489 1783 1572 satyricae,
1802 1489 1890 1551 cuins

358 1609 468 1654 nomeu
488 1591 614 1673 quidem
632 1592 803 1675 ignoratur,
821 1602 1038 1678 argumentum
1057 1595 1236 1678 exponitur;
1255 1595 1296 1660 ed
1315 1595 1468 1678 tragicum
1487 1596 1579 1672 enim,
1598 1617 1659 1660 non
1677 1595 1718 1660 ad
1737 1598 1889 1660 comicum

357 1695 417 1761 hoc
438 1697 636 1764 referendum
659 1721 727 1765 esso
749 1723 868 1778 censeo,
895 1725 965 1766 oum
988 1709 1021 1766 et
1043 1711 1232 1785 satyrorum
1246 1703 1278 1766 in
1301 1703 1361 1766 hac
1383 1702 1491 1766 fabula
1512 1709 1618 1786 partes
1641 1702 1736 1768 fuisse
1759 1703 1890 1771 eluceat.

357 1804 513 1872 atesinus
533 1807 615 1871 inter
634 1808 737 1874 sidera
755 1809 873 1874 relatus
891 1809 1017 1874 fabulae
1036 1811 1191 1894 satyricae
1209 1811 1317 1894 magis,
1336 1833 1429 1894 quam
1449 1811 1635 1884 comoediae,
1655 1809 1888 1874 Alexandrinae

357 1913 455 1995 magis
483 1935 576 1996 quam
600 1914 728 1980 Philisci
756 1916 865 1982 comici
893 1918 990 1982 aetati
1018 1918 1188 1982 conveniat.
1236 1919 1332 1980 miror
1354 1923 1459 1982 autem
1483 1917 1657 1982 Nauckium
1680 1917 1740 1982 hoo
1763 1917 1889 2000 fugisse.

357 2025 390 2082 at
417 2020 560 2086 celeriter
587 2021 800 2089 defloruerunt
823 2024 1106 2089 Alexandrinorum
1132 2025 1327 2108 tragoediam
1356 2026 1406 2089 vix
1434 2031 1527 2089 natae
1550 2026 1657 2088 statim
1685 2024 1888 2088 oblitteratae

357 2133 430 2190 suut
452 2149 553 2210 neque
576 2131 770 2212 reliquerunt
793 2131 853 2195 nisi
878 2133 1091 2198 tenuissimam
1115 2133 1162 2198 sui
1181 2132 1371 2196 memoriam.
1408 2133 1435 2196 is
1454 2133 1559 2215 igitur,
1582 2133 1636 2214 qui
1656 2131 1783 2196 Philisci
1803 2131 1889 2196 Sosi·

357 2230 484 2317 theique
511 2235 633 2300 fabulas
660 2245 725 2301 tam
753 2245 898 2303 accurate
921 2239 1055 2316 000001,
1083 2240 1123 2304 ab
1147 2261 1253 2304 eorum
1276 2245 1380 2303 aetate
1404 2239 1496 2302 nimis
1518 2245 1657 2303 remotus
1680 2260 1747 2302 esse
1769 2239 1888 2320 nequit.
1942 2271 1943 2274 ¹

356 2339 507 2406 concedes
534 2343 610 2408 haec
637 2345 742 2409 omnia
769 2344 898 2410 mirifice
927 2348 957 2410 in
985 2347 1226 2411 Eratosthenem
1254 2346 1418 2429 quadrare.
1468 2347 1499 2409 id
1529 2353 1612 2410 certe
1638 2367 1696 2430 pro
1724 2345 1888 2427 explorato

356 2447 472 2513 habere
494 2472 665 2532 possumus,
683 2451 976 2518 Catasterismorum
995 2462 1154 2518 auctorem
1178 2454 1333 2518 hominem
1354 2453 1449 2518 fuisse
1467 2475 1529 2518 non
1547 2454 1646 2518 solum
1670 2474 1742 2517 rara
1763 2453 1888 2516 littera-

355 2575 424 2618 rum
448 2557 624 2640 cognitione
646 2559 807 2642 insignem,
831 2562 884 2625 sed
909 2563 1003 2625 etiam
1027 2563 1107 2626 mira
1124 2561 1172 2625 rel
1196 2561 1350 2626 rariorum
1369 2561 1520 2624 librorum
1539 2563 1629 2644 copia
1646 2561 1844 2624 instructum.

444 2663 542 2728 Porro
574 2687 654 2749 quae
687 2667 831 2751 Nigidius
841 2668 884 2752 16)
917 2669 956 2732 de
986 2669 1113 2744 Orione,
1145 2669 1184 2732 de
1212 2668 1351 2744 Iustitia,
1383 2667 1422 2732 de
1450 2667 1600 2750 Erigone,
1632 2668 1671 2731 de
1698 2667 1817 2740 Tauro,
1850 2669 1888 2730 de

356 2771 509 2848 Aristaeo,
535 2772 574 2838 de
598 2773 742 2848 Chirone,
768 2774 808 2838 de
831 2775 926 2841 Croto
949 2775 1084 2858 donique
1112 2776 1244 2859 profert,
1273 2797 1309 2839 ea
1332 2774 1623 2838 Catasterismormu
1653 2773 1886 2838 narrationibus

356 2879 513 2943 simillima
545 2887 629 2956 sunt,
662 2882 708 2946 ita
739 2889 843 2946 tamen
870 2889 907 2946 ut
933 2883 1085 2966 adpareat
1113 2883 1273 2965 Nigidium
1301 2903 1362 2946 non
1395 2882 1631 2964 compilatorum
1658 2903 1744 2946 more
1771 2881 1887 2945 stolida
1943 2889 1944 2893 ’

354 2993 459 3050 mente
482 2987 689 3070 exscripsisse,
716 2988 772 3052 sod
798 2996 835 3053 ut
861 2990 962 3053 virum
985 2989 1129 3055 doctrina
1152 2990 1304 3073 insignem
1332 2988 1471 3062 demeat,
1497 2989 1603 3052 multis
1627 2989 1726 3052 nmdis
1749 2989 1886 3052 auctoris

355 3091 402 3156 sui
431 3094 626 3158 narrationes
654 3097 790 3160 variasse
816 3103 912 3178 atque
938 3095 1152 3180 amplificasse.
1206 3095 1408 3161 nihilominus
1435 3101 1601 3160 concentus
1629 3101 1735 3159 tantus
1763 3105 1825 3170 est,
1854 3103 1886 3156 nt.

355 3198 515 3282 Nigidium
534 3207 589 3265 aut
608 3201 691 3286 ipsos
710 3201 949 3268 Catasterismos
968 3211 1024 3267 aut
1042 3203 1157 3267 librum
1177 3225 1284 3268 corum
1304 3201 1493 3268 simillimum
1517 3201 1663 3266 habuisse
1681 3223 1807 3266 neeesse
1832 3203 1885 3276 sit3

288 3345 291 3350 ,
354 3313 439 3380 nota,
462 3313 497 3370 ut
519 3329 615 3372 mmm
634 3330 783 3386 moneam,
807 3309 893 3375 Croti
917 3310 1065 3375 fabulam.
1111 3317 1145 3373 at
1169 3311 1461 3374 Catasterismorum
1485 3329 1659 3373 sermonem
1683 3311 1885 3391 posteriorem

354 3419 490 3478 aetatem
519 3415 659 3480 redolere
685 3439 781 3499 supra
803 3418 945 3483 vidimus.
990 3417 1076 3482 aliud
1100 3417 1197 3500 igitur
1219 3417 1338 3498 Nigidii
1362 3423 1466 3480 001010
1496 3415 1624 3480 extabat
1652 3437 1730 3498 opus
1758 3417 1883 3480 easdem

355 3518 420 3584 sere
447 3527 543 3603 atque
567 3521 780 3588 Catasterismi
809 3525 1005 3590 narrationes
1033 3525 1208 3600 continens,
1236 3545 1274 3588 ex
1298 3545 1359 3607 quo
1382 3522 1621 3588 Catasterismos
1644 3527 1700 3586 aut
1723 3529 1807 3587 totos
1832 3531 1885 3586 aut
1943 3562 1944 3604 3

355 3647 499 3709 magnam
526 3636 647 3711 partem
674 3628 799 3696 fluxisse
827 3639 1067 3697 consentaneum
1096 3637 1152 3696 est.
1198 3637 1292 3714 atquo
1320 3630 1361 3694 ad
1388 3651 1483 3694 unum
1511 3637 1634 3694 tantum
1661 3651 1739 3712 opus
1766 3630 1797 3692 in
1824 3651 1885 3711 quo
1943 3623 1944 3644 ²

355 3733 480 3797 falmlae
503 3736 542 3798 ed
567 3737 671 3800 sidera
694 3743 871 3820 spectantes
890 3761 928 3802 ex
946 3739 1048 3821 poetis
1066 3737 1333 3820 scriptoribusque
1352 3741 1517 3819 congestae
1536 3741 1626 3798 erant
1644 3735 1884 3799 Catasterisnms
1943 3765 1944 3807 3

354 3841 467 3916 redire,
485 3863 545 3906 non
566 3865 604 3906 ox
623 3843 716 3908 variis
736 3845 903 3910 eiusmodi
924 3844 1071 3927 operibus
1090 3843 1240 3909 conflatos
1257 3865 1323 3908 osse
1341 3845 1406 3907 veri
1425 3842 1615 3906 simillimum
1635 3849 1778 3918 osteum
1796 3863 1885 3906 nemo

354 3947 386 4010 in
409 3947 454 4012 eis
476 3957 602 4030 practer
621 3951 750 4015 Aratum
770 3959 1037 4028 commemoretur,
1060 3973 1151 4035 quem
1176 3952 1251 4015 data
1269 3971 1365 4035 opera
1387 3949 1427 4014 de
1451 3947 1606 4014 sideribus
1630 3949 1788 4031 scripsisse
1813 3971 1884 4012 oon-

353 4059 428 4129 stet,
455 4056 510 4119 sed
538 4057 567 4120 ei
594 4063 730 4134 tuntum,
757 4059 811 4140 qui
839 4059 1000 4123 occasione
1024 4059 1099 4122 (1010
1126 4079 1234 4122 eorum
1261 4057 1449 4122 mentionem
1474 4055 1616 4130 fecerint,
1644 4054 1780 4119 adhibiti
1808 4057 1883 4124 sint;

353 4159 412 4224 hoo
426 4167 543 4226 'autem
566 4163 607 4228 ab
630 4185 692 4228 uno
716 4171 748 4229 et
771 4164 880 4229 eedem
903 4167 1054 4250 scriptore
1078 4165 1219 4229 consulto
1242 4163 1360 4228 iactum
1384 4185 1450 4228 esse
1473 4162 1582 4226 clucet.
1624 4183 1718 4244 porro
1741 4161 1767 4226 si
1792 4162 1883 4226 Cata·

353 4268 567 4333 sterismorum
594 4277 704 4334 auctor
732 4271 906 4355 complures
933 4271 1035 4337 sontes
1062 4271 1272 4346 eulhibuisset,
1304 4277 1387 4335 certe
1419 4289 1519 4352 neque
1548 4269 1753 4351 Hermippum
1785 4291 1884 4350 neque

353 4373 610 4456 Hegesianaetem
639 4377 839 4460 neglexissem
861 4401 994 4462 quorum
1018 4379 1050 4444 in
1069 4378 1299 4444 Cratesterismis
1318 4399 1374 4441 nec
1393 4376 1537 4442 volanae
1557 4375 1722 4458 vestigium
1744 4375 1882 4458 adparet.

460 4522 494 4528 .--
500 4521 562 4530 ...ι-

352 4589 397 4653 (10
416 4588 527 4642 llltlllerl
550 4589 607 4642 alia
626 4589 721 4643 Cadmi
744 4589 802 4644 tilia
822 4591 870 4644 lno
894 4599 1128 4646 commemoratur.
1153 4607 1223 4659 qaae
1243 4607 1307 4644 vero
1325 4589 1490 4644 Welclrcrus
1509 4588 1630 4657 (Episch.
1651 4587 1724 4657 Cycl.
1744 4587 1756 4640 I
1775 4605 1801 4655 p.
1823 4587 1882 4640 1011

352 4676 386 4729 (10
406 4677 456 4730 hoc
477 4677 586 4747 Myrtili
605 4677 758 4747 fragmento
778 4679 893 4747 pretulit
912 4680 953 4734 eis
972 4680 1047 4734 uullo
1067 4681 1145 4734 modo
1164 4679 1298 4734 adsentiri
1317 4695 1434 4748 possum.
1455 4676 1544 4731 eidem
1564 4677 1676 4746 Myrtilo
1695 4675 1812 4730 fortasse
1831 4675 1877 4728 tri·

261 4835 264 4842 .
353 4765 461 4820 boanda
480 4781 553 4830 esse,
578 4783 648 4835 quae
672 4767 700 4821 in
719 4767 922 4822 Catasterismis
946 4769 980 4822 do
999 4768 1151 4837 virginibus
1171 4768 1333 4837 quibusdem
1353 4766 1461 4821 Lesbiis
1480 4771 1591 4820 ramata
1610 4771 1702 4830 erant,
1727 4765 1781 4818 iem
1801 4779 1881 4832 supra
1945 4789 1946 4794 .

352 4869 451 4908 monui.

440 4943 473 5003 ω1
492 4943 632 5013 Nigidius,
652 4961 722 5013 quae
741 4945 775 4999 (10
794 4944 891 5000 Ariete
910 4953 1017 5011 namet,
1036 4945 1200 5015 Hermippo,
1221 4961 1291 5014 quae
1310 4947 1345 4998 de
1363 4943 1545 5009 Deucalione,
1565 4943 1761 5012 Hegesianacti
1780 4941 1878 4997 dehere

351 5032 468 5088 videtur.
487 5033 522 5087 ci.
541 5033 641 5104 Hygia.
660 5035 796 5104 Astrolog.
816 5035 841 5089 11
861 5037 895 5090 20
913 5052 939 5104 p.
959 5037 1002 5102 60,
1021 5037 1086 5091 250.
1106 5041 1134 5089 01
1153 5036 1231 5090 1129
1251 5053 1276 5104 p.
1297 5035 1339 5100 tu,
1361 5037 1391 5088 ll
1403 5051 1422 5088 s.
