3906 5800
430 419 493 481 150
648 418 786 472 ΕνινοειιιΔ

507 588 590 680 Ἔχει
619 594 655 660 δὲ
683 587 821 680 ἀστέρας
849 589 906 678 ἐφ’
934 591 1006 660 ἑκα-

470 703 569 788 τέρου
601 702 739 788 κέρατος
767 699 812 782 α’,
844 702 914 787 (ἐπὶ
946 712 1008 768 τοῦ

468 817 635 895 μυκτῆρος
668 805 717 894 α’)
750 807 914 895 λαμπρόν,
953 811 1008 877 inl

469 924 527 1003 τῆς
540 919 686 1001 κεφαλῆς
699 911 739 995 λέ,
757 907 824 980 ὑπό
843 913 1007 1004 τράχηλον

444 1019 512 1102 ba',
532 1021 586 1087 εἰιὶ
601 1019 748 1108 στήθους
761 1019 800 1102 β’,
821 1015 872 1089 ἐπ’
887 1023 1006 1110 ἐμπρο-

472 1131 573 1194 caton
600 1120 707 1205 ποδός
728 1126 779 1212 α’,
807 1123 878 1214 (ἐπ’
901 1124 1007 1216 ἄκρου

471 1227 577 1312 ποδός
596 1231 651 1314 α’,)
676 1233 731 1299 tat
748 1231 874 1320 ῥάχεως
893 1234 930 1318 ζ,
954 1236 1008 1302 ἐπὶ

470 1335 611 1426 γαστρὸς
632 1339 667 1422 ε’,
691 1335 742 1407 ἐπ’
761 1334 863 1428 οὐρᾶς
880 1340 909 1423 β’
929 1349 1006 1428 λαμ-

470 1445 588 1535 ιιρούς·
614 1439 693 1524 τοὺς
715 1445 845 1526 πάντας
866 1447 931 1514 κδ’.

270 1659 417 1714 XXVIII·
431 1672 463 1725 10
521 1651 626 1737 Οὗτός
645 1653 772 1727 ε’στινὸ
797 1659 945 1749 Τοξότης,
968 1653 1009 1728 όν

285 1745 412 1818 Τοξότης·
472 1765 504 1833 oi
530 1774 681 1834 πλεῖστοι
708 1767 840 1852 λέγουσι
863 1769 1008 1834 Κένταυ-

471 1898 534 1960 ρον
557 1871 656 1954 εἶναι,
679 1872 786 1960 ἕτεροι
811 1867 840 1939 d'
863 1869 904 1940 οὔ
927 1894 1009 1958 φασι

473 1972 527 2046 διά
551 1973 591 2047 τό
614 1972 657 2068 μή
680 1987 880 2067 τετρασκελῆ
904 1973 1009 2046 αὐτόν

472 2080 632 2172 ὁρᾶσθαι,
660 2080 735 2152 ἄλλ’
764 2082 925 2173 ἑστηκότα
953 2089 1008 2151 καλ

1089 419 1189 472 Senon.
1209 421 1296 472 Astu.

1124 595 1261 650 eminant.

429 2191 664 2274 15τοξεύοντα
723 2190 926 2277 Κενταύρων
973 2195 1008 2258 di·
1103 2195 1104 2198 ’

471 2293 580 2376 οὐδεὶς
602 2296 690 2383 τόξῳ
714 2299 876 2386 κέχρηται.
910 2290 1008 2378 οὗτος

472 2400 501 2471 δ’
524 2397 607 2492 άνήρ
630 2399 680 2472 τόν
701 2406 799 2492 σκέλη
819 2403 883 2489 ἔχει
901 2405 1008 2473 ἵππου

471 2516 527 2579 καὶ
554 2513 677 2598 κέρκον
704 2510 860 2598 καθάπερ
885 2511 916 2578 ol
939 2511 1006 2579 Σά-

470 2626 574 2705 τυροιΙ
589 2615 706 2706 άιόπερ
717 2612 1007 2696 αὐτοῖςάνιὶθανον

426 2724 580 2791 abactae
622 2723 720 2806 εἶναι,
762 2717 845 2791 itta*
880 2731 1007 2810 μᾶλλον

472 2830 604 2918 Κρότον
618 2824 679 2898 τόν
695 2825 853 2919 Εὐφήμης
866 2840 925 2919 τῆς
937 2840 1007 2897 τῶν

471 2943 619 3005 Μουσῶν
638 2947 769 3024 τροφοῦ
787 2936 872 3004 υἱόν.
902 2939 1007 3004 οἰκεῖν

398 3076 401 3082 ·
471 3038 504 3112 δ’
527 3037 631 3111 αὐτόν
663 3047 719 3111 καὶ
751 3047 943 3110 διαιτᾶσθαι
971 3046 1007 3110 έν

470 3145 688 3238 τῴἙλικῶνι”
707 3143 747 3218 όν
761 3154 817 3217 καὶ
831 3150 864 3217 αλ
875 3157 1006 3219 Μοῦσαι

425 3250 531 3345 λοτήν
564 3261 696 3340 τοξείαν
729 3250 913 3344 εὑρόμενον
945 3251 1006 3345 τήν

470 3357 600 3451 τροφήν
615 3355 682 3429 άπό
696 3371 767 3428 τῶν
781 3357 906 3449 άγρίανν
921 3361 1006 3448 ἔχειν

472 3469 641 3557 ἐποίησαν,
651 3466 1006 3558 καθάπερφησὶΣονσὶ-

470 3583 559 3653 θεος.
612 3580 835 3662 συμμίσγοντα
868 3577 902 3642 di
935 3591 1006 3654 ταῖς

472 3679 621 3760 Μούσαις
639 3686 695 3748 καὶ
709 3675 879 3749 άκούοντα
893 3677 1006 3748 αὐτῶν

427 3800 462 3853 30
473 3786 1006 3876 ἐπισημασίαιςἐπαινέσαικρότον

463 3945 1111 4020 ι.σέτιλτοῦμυκτῆροςαἀάιλίιλίοκεσλιοῑ.(λιμοι.

1439 418 1538 471 Senon.
1557 417 1650 470 Gran.
1669 415 1722 470 BP.
1741 399 1769 484 ff.
1787 417 1829 480 89,
1853 419 1896 469 λλ.

1422 594 1629 678 Capricornus
1642 593 1741 658 habet
1755 593 1868 658 stellas
1889 596 1922 657 in

1378 703 1510 784 singulis
1533 701 1679 766 cornibus
1702 701 1859 784 singulas,
1891 704 1924 764 in

1378 829 1454 872 uaso
1481 807 1497 872 l
1524 809 1655 886 claram,
1682 808 1715 871 in
1744 809 1851 890 capite
1883 808 1925 884 ll,

1378 915 1436 981 sub
1473 915 1552 980 eollo
1585 914 1614 991 1,
1645 915 1679 979 in
1715 919 1846 998 pectore
1887 915 1926 985 ll,

1378 1023 1411 1087 in
1438 1023 1518 1106 pede
1544 1022 1650 1104 priore
1677 1021 1707 1098 l,
1734 1024 1768 1085 in
1795 1043 1925 1086 summe

1378 1129 1457 1213 pede
1470 1128 1495 1206 l,
1514 1130 1546 1192 in
1564 1129 1658 1194 dorse
1669 1128 1739 1205 Vll,
1758 1130 1790 1193 in
1809 1135 1928 1193 ventre

1377 1236 1415 1312 V,
1442 1236 1474 1299 in
1502 1235 1602 1300 cauda
1628 1235 1659 1300 Il
1688 1235 1799 1301 claras.
1846 1246 1925 1300 sunt

1377 1343 1410 1408 in
1434 1363 1554 1406 summa
1576 1341 1689 1408 XXIV.

1594 1571 1621 1623 p.
1642 1555 1685 1620 89,
1706 1557 1746 1609 18.

1426 1662 1486 1726 llic
1499 1661 1696 1745 Sagittarius.
1720 1685 1818 1746 quem
1839 1677 1952 1726 com-11

1379 1770 1484 1852 plures
1508 1775 1690 1834 centaurum
1714 1774 1846 1852 putant,
1870 1769 1920 1832 alii

1378 1882 1507 1958 negant,
1535 1876 1617 1959 quod
1642 1877 1827 1960 quadrupes
1858 1897 1922 1940 esse

1377 2003 1440 2046 non
1462 1983 1615 2058 videatur,
1638 1983 1693 2047 sed
1716 1989 1808 2047 stans
1833 1982 1921 2065 bipes

1377 2089 1558 2171 sagittetur,
1602 2110 1703 2170 neque
1748 2095 1920 2154 centaurus

1377 2195 1460 2260 ullus
1496 2196 1620 2278 sagittis
1651 2217 1727 2260 usus
1760 2197 1814 2260 sit
1874 2197 1951 2260 biert

1377 2308 1482 2366 autem
1512 2303 1605 2366 home
1633 2302 1755 2385 equinis
1782 2303 1920 2385 podibus

1378 2414 1427 2472 est
1462 2416 1494 2472 et
1526 2410 1657 2472 caudam
1689 2409 1786 2473 babet
1826 2410 1917 2474 veluti

1378 2515 1484 2598 satyri.
1517 2516 1569 2579 bic
1582 2515 1699 2580 dicitur
1714 2515 1846 2587 Crotus,
1862 2517 1918 2580 Eu-

1376 2621 1669 2704 phemesMusarum
1681 2621 1818 2686 nutricis
1830 2622 1916 2690 filius

1376 2735 1413 2791 ut
1431 2727 1594 2792 Sositheus
1612 2730 1941 2814 tragoediographus

1376 2834 1482 2910 refert,
1497 2834 1691 2900 inhabitasse
1701 2835 1865 2903 Helicona
1878 2857 1908 2902 a·

1376 2961 1437 3023 qne
1460 2941 1658 3024 sagittarium
1683 2947 1795 3008 venatu
1825 2947 1912 3010 vitm

1377 3047 1500 3129 exigere
1510 3049 1632 3113 aetatis.
1651 3049 1705 3132 qui
1715 3049 1800 3115 iuter
1812 3051 1914 3116 Musas

1376 3154 1500 3236 saepius
1519 3162 1659 3220 moratus
1677 3157 1790 3240 plausu
1806 3170 1914 3222 cantus

1376 3281 1483 3326 aarum
1496 3257 1718 3344 distinguebat
1742 3274 1944 3346 quemeumat

1376 3366 1431 3431 alii
1458 3366 1670 3446 imitarentur,
1698 3369 1782 3436 bunc
1809 3372 1914 3437 Musae

1376 3473 1527 3539 beneficio
1549 3475 1633 3540 lovis
1655 3475 1748 3542 astris
1772 3478 1913 3544 intulere

1376 3579 1464 3646 cuius
1478 3587 1562 3646 artes
1577 3583 1660 3646 inter
1670 3584 1819 3648 mortales
1831 3609 1913 3650 man·

1377 3708 1444 3752 sere
1468 3688 1595 3772 plausus
1618 3695 1650 3752 et
1672 3691 1815 3773 sagittae

1945 3833 1948 3896 l

1200 3953 1259 4008 sin
1279 3959 1343 4005 arae
1360 3969 1463 4007 summo
1483 3953 1548 4007 add.
1566 3957 1592 4024 β.

428 4037 583 4109 etHypt'ao.
624 4032 1113 4110 ttndrpcipptovseripsiconlscbel.
1202 4058 1227 4095 ιο
1237 4041 1400 4109 Sagittarius
1415 4041 1450 4095 S:
1468 4042 1569 4110 sagitta
1588 4043 1646 4096 BP.
1675 4043 1830 4112 complures
1851 4047 1946 4112 serpant

430 4127 519 4182 Germ.
535 4133 560 4181 ct
573 4128 699 4198 Hygino:
718 4125 764 4182 έτιλ
783 4122 923 4199 τραχήλου
938 4129 1006 4182 lant.
1051 4144 1064 4184 5
1083 4148 1101 4182 α

428 4215 540 4282 sarpa:
559 4210 666 4284 y'ltbrt'.
743 4233 762 4272 a
779 4233 790 4272 τ
810 4212 853 4271 ἐπ’
874 4209 964 4288 άκρου
984 4213 1069 4280 ποδὸς
1088 4212 1113 4270 α’

430 4301 530 4356 addidi
547 4319 581 4356 ex
597 4305 679 4358 solsol.
700 4305 790 4359 Germ.
810 4313 835 4360 et
853 4307 974 4378 Hypinc.
1037 4323 1049 4362 s
1068 4301 1113 4359 κδ’

428 4391 539 4458 abrepti:
557 4387 601 4462 κβ
621 4391 690 4446 labri.

466 4477 506 4544 Cf.
517 4479 612 4549 Νιρέα.
624 4480 717 4550 Fipul.
729 4481 760 4534 itt
768 4482 848 4536 ecbol.
861 4483 950 4538 Germ.
961 4483 1020 4538 BP.
1028 4502 1057 4554 ρ.
1069 4489 1115 4554 90,

429 4570 492 4622 103.
538 4585 563 4624 se
581 4563 702 4640 dypiwv:
719 4570 812 4624 malim
830 4566 934 4642 ἀγρῶν.
975 4591 1002 4629 se
1021 4569 1115 4641 ἐπιση-

429 4656 543 4723 μασλαις
562 4652 709 4712 ἐπαινέσαι
728 4661 934 4730 Wetselinpias:
962 4657 1008 4715 ἐπὶ
1027 4678 1115 4730 σημα-

1168 4145 1248 4198 qusm
1260 4130 1352 4198 plures
1361 4129 1421 4182 BP.
1460 4131 1526 4186 nsit
1535 4132 1698 4199 scripsirest
1708 4131 1767 4186 BP.
1805 4141 1946 4200 sistatque

1169 4217 1196 4271 S.
1225 4217 1309 4286 adqui
1323 4218 1383 4271 BP.
1438 4227 1572 4274 serenato
1588 4220 1615 4273 S.
1645 4236 1715 4280 rena
1727 4221 1786 4276 BP.
1824 4221 1942 4278 saeculis

1169 4306 1220 4360 del.
1240 4324 1262 4360 ε.
1292 4322 1325 4360 ac
1344 4307 1417 4361 deest
1433 4309 1464 4361 ia
1483 4307 1510 4361 S.
1541 4310 1623 4363 acrba
1641 4310 1766 4386 nendum
1782 4312 1942 4379 probabiliter

1168 4396 1305 4450 restituta.
1333 4410 1405 4462 qnae
1420 4396 1535 4451 Ubabet
1553 4415 1617 4455 sr-ss
1637 4405 1719 4468 atque
1738 4400 1848 4469 sagittis
1868 4407 1893 4454 et.
1910 4413 1931 4449 u

1169 4491 1235 4539 natu
1251 4484 1335 4538 vitam
1345 4484 1464 4554 exigere,
1480 4488 1751 4556 apertainterpelote
1761 4495 1832 4542 sant.
1859 4489 1901 4557 qui
1911 4502 1939 4539 sa·

1169 4573 1298 4642 gittarius
1312 4581 1412 4628 venatu
1428 4575 1511 4629 vitam
1522 4576 1646 4645 exigeret
1654 4581 1680 4648 β.
1705 4577 1939 4632 debebatseltenn

1170 4661 1225 4730 qui.
1279 4679 1305 4719 ss
1311 4670 1376 4731 post
1389 4663 1588 4734 distinguebat:
1603 4665 1630 4720 id
1642 4667 1728 4722 estad
1739 4665 1938 4736 pedesmsnibus

431 4743 492 4807 σέας
519 4741 699 4802 ἐπαινεῖσθαι
727 4747 796 4802 tunt.
842 4745 1021 4804 ἐπαινεῖσθαι
1053 4751 1117 4818 lepit
1168 4751 1326 4819 plaudebat,
1342 4769 1413 4820 quac
1426 4755 1553 4808 υιτλιαυλ
1565 4755 1697 4824 glossema
1711 4755 1803 4811 delevi.
1829 4773 1887 4810 cun
1901 4751 1936 4804 cd·

431 4832 572 4903 Hyginus,
597 4837 645 4902 qni
666 4837 733 4890 baec
755 4837 796 4890 ita
818 4838 922 4892 reddit:
949 4837 1042 4906 itaque
1066 4856 1115 4908 pro
1169 4839 1236 4894 didi.
1278 4859 1303 4899 ac
1322 4841 1496 4898 imitarentur
1514 4843 1734 4900 Scbenboebius:
1752 4847 1877 4902 timerent
1892 4841 1936 4896 Bl

431 4921 529 4978 merita
538 4924 681 4995 diligentia
691 4940 816 4996 magnam
831 4927 939 4982 laudem
949 4929 1116 4984 adsecutum.
1172 4947 1198 4986 ss
1216 4932 1333 5000 sagittae
1356 4932 1386 4986 U.
1405 4933 1507 5002 sagitta
1525 4933 1553 4989 S.
1573 4935 1709 5005 sagittarii
1730 4937 1762 4992 P.
1781 4935 1896 5006 sagittari
1911 4933 1936 4984 ν’.
