3920 5806
246 457 250 465 .
337 401 402 474 242

337 589 425 654 milia
447 593 605 672 quattuor,
627 589 712 671 quod
734 589 820 655 haud
843 586 938 655 dubie
960 609 1030 654 cum
1053 585 1235 673 Theogonis
1256 594 1326 655 arte
1349 587 1544 656 cohaerebat.
1568 593 1662 674 atque
1691 580 1895 674 Κουρήτων

337 696 463 782 γένεσις
494 717 513 762 a
544 697 684 762 Diodoro
716 697 744 763 V
772 695 814 760 65
846 696 942 762 latius
974 698 1141 780 exponitur
1172 697 1247 762 inde
1273 718 1293 762 a
1320 697 1422 762 verbis
1453 689 1536 782 μετά
1569 697 1605 762 δὲ
1630 687 1719 775 τούς
1750 688 1896 772 Ἰδαίους

338 798 528 881 Δακτύλους
556 799 726 889 ἱστοροῦσι
752 801 910 888 γενέσθαι
938 798 1112 890 Κούρητας
1139 801 1252 882 tvaim
1279 805 1465 888 quibuscum
1493 805 1654 882 Titanum,
1683 809 1812 888 utpote
1842 803 1895 887 qui

339 911 488 977 Curetum
515 912 661 995 aequales
689 910 807 977 brerint
830 910 936 998 (Diod.
956 910 983 975 V
1003 909 1074 996 66),
1101 910 1234 978 blstoria
1261 931 1379 977 conexa
1406 918 1466 988 est;
1493 907 1734 998 Κορυβάντων
1763 908 1897 994 γένεσις

338 1019 413 1096 iam,
445 1018 500 1083 ubi
528 1019 567 1083 de
595 1017 798 1084 Samothrace
823 1019 929 1102 agitur
951 1018 980 1082 V
1002 1018 1060 1096 49,
1087 1025 1256 1102 praecepta
1288 1025 1349 1094 est3
1381 1021 1506 1085 omnino
1532 1024 1640 1085 autem
1665 1023 1785 1084 totam
1813 1016 1896 1082 hanc

338 1125 412 1214 libri
440 1126 543 1209 quinti
569 1126 758 1209 particulam
786 1124 860 1189 inde
887 1145 908 1189 a
934 1123 1036 1208 capite
1063 1123 1165 1191 LXIV
1192 1145 1291 1208 usque
1317 1126 1359 1191 ad
1381 1125 1530 1191 LXXVII
1553 1125 1574 1190 3
1602 1124 1781 1210 aptissime
1815 1125 1891 1188 Θεο-

337 1233 455 1316 γονίαν
482 1253 594 1298 vooare
620 1232 733 1316 possis,
760 1231 794 1295 id
822 1231 906 1316 quod
931 1230 999 1314 ipse
1021 1231 1179 1297 Diodorus
1209 1253 1270 1297 non
1297 1231 1428 1298 obscure
1457 1231 1625 1316 significat,
1654 1254 1733 1298 cum
1761 1231 1809 1296 ad
1831 1231 1893 1294 alia

338 1338 529 1404 transiturus
557 1339 590 1403 in
617 1341 701 1404 calce
728 1339 827 1404 totius
855 1338 1078 1422 disputationis
1105 1339 1152 1403 ita
1178 1339 1311 1404 scribat:
1343 1341 1421 1425 περὶ
1447 1339 1508 1424 μὲν
1536 1326 1599 1406 οὗν
1625 1345 1702 1404 τῶν
1734 1341 1841 1403 θεῶν
1863 1333 1893 1400 ol

337 1447 464 1531 Κρῆτες
486 1450 557 1510 τῶν
580 1437 664 1531 παρ’
688 1437 802 1522 αὐτοῖς
824 1443 1014 1528 λεγομένων
1036 1449 1241 1532 γεννηθῆναι
1267 1453 1407 1511 τοιαῦτα
1429 1451 1691 1532 μυθολογοῦσιν.
1742 1443 1896 1510 similiter

338 1552 469 1617 carmini
495 1553 572 1637 περὶ
599 1552 736 1628 Μίνωος
767 1552 824 1616 καὶ
851 1543 1102 1635 Ῥαδαμάνθυος
1133 1551 1310 1637 conscripto
1342 1555 1449 1637 capita
1480 1551 1645 1618 LXXVIII
1676 1557 1716 1617 et
1751 1549 1891 1616 LXXIX

338 1661 538 1743 respondent,
560 1679 641 1743 quae
664 1657 819 1742 incipiunt
842 1679 862 1723 a
884 1657 987 1724 verbis
1009 1650 1093 1743 μετὰ
1117 1658 1153 1724 δὲ
1175 1650 1234 1736 τάς
1255 1665 1327 1724 τῶν
1350 1665 1444 1726 θεῶν
1467 1659 1611 1744 γενέσεις
1635 1650 1792 1744 ίστερον
1812 1663 1891 1724 πολ-

338 1768 410 1842 λοῖς
436 1775 563 1849 γενεαῖς
590 1766 671 1848 φασί
697 1765 855 1851 γενέσθαι
883 1756 968 1831 κατὰ
995 1757 1058 1853 τὴν
1080 1760 1215 1852 Κρήτην
1241 1756 1352 1852 ἥρωας
1375 1760 1438 1832 οὐκ
1462 1759 1609 1852 ὀλίγους,
1636 1755 1688 1830 aiv
1720 1758 1889 1852 ὑπάρχειν

339 1868 625 1954 ἐπιφανεστάτους
642 1864 722 1951 τούς
739 1874 815 1959 περὶ
830 1874 929 1938 Μίνω
948 1874 1004 1937 καί
1018 1865 1251 1957 Ῥαδάμανθυν
1269 1874 1327 1938 καί
1339 1869 1555 1960 Σαρπηδόνα.
1567 1873 1610 1961 1³)
1625 1874 1677 1940 bic
1691 1875 1804 1958 igitur
1819 1893 1890 1937 oon-

339 1999 446 2044 sensus
460 1979 507 2045 ita
525 1986 724 2064 comparatus
742 1985 799 2057 est,
817 1985 854 2044 ut
872 1979 1046 2045 Diodorum
1064 1984 1121 2045 aut
1140 1980 1209 2063 ipsa
1222 1979 1418 2064 Epimenidis
1437 1981 1577 2046 carmina
1594 1986 1650 2046 aut
1667 1981 1888 2066 paraphrasin

339 2107 447 2151 eorum
469 2088 610 2171 pedestri
636 2107 779 2154 sermone
807 2086 1014 2170 conscriptam
1040 2086 1154 2170 legisse
1177 2108 1301 2154 necesse
1324 2087 1379 2164 sit,
1406 2088 1531 2170 qualem
1557 2111 1585 2153 v.
1607 2109 1633 2152 c.
1656 2089 1794 2182 Eumeli
1823 2108 1888 2152 car·

339 2195 458 2259 minum
485 2196 626 2260 extitisse
653 2216 748 2279 quam
770 2194 904 2260 maxime
926 2193 992 2259 veri
1015 2194 1117 2258 simile
1140 2200 1195 2260 est.
1227 2193 1261 2260 id
1284 2199 1390 2260 autem
1412 2201 1486 2261 aute
1508 2195 1614 2261 omnia
1635 2195 1820 2260 tenendum
1844 2201 1887 2258 ost

274 2317 277 2322 ·
339 2301 514 2367 Diodorum
537 2301 599 2368 sibi
617 2300 811 2386 Epimenidis
830 2301 988 2367 Cretensis
1011 2300 1106 2366 verba
1126 2301 1230 2385 legere
1248 2301 1349 2368 visum
1368 2323 1443 2380 esse,
1466 2323 1529 2368 non
1548 2301 1885 2386 genealogum,·quem

340 2408 424 2474 solus
447 2409 603 2492 Diogenes
626 2409 772 2475 Laertius
794 2407 883 2486 110,
905 2409 946 2472 13
969 2429 1008 2473 ex
1031 2408 1192 2474 Demetrio
1211 2407 1358 2492 Magnete
1381 2411 1677 2486 commemorated
1700 2429 1803 2494 quem
1826 2429 1885 2472 non

340 2515 417 2581 satis
440 2517 672 2582 remoratione
695 2521 728 2582 et
750 2515 845 2582 schol.
868 2514 957 2581 Pind.
977 2514 1024 2581 Ol.
1042 2515 1059 2579 l
1080 2515 1142 2579 127
1166 2521 1199 2580 et
1222 2515 1317 2581 schol.
1340 2515 1414 2580 Eur.
1437 2516 1554 2583 Phoen.
1576 2515 1616 2581 13
1640 2515 1800 2582 referrmt.
1833 2513 1884 2579 sed

340 2622 497 2690 Diodorus
507 2645 577 2689 oum
586 2622 805 2708 Epimenidem
814 2617 981 2706 θεολόγον
991 2627 1089 2698 vocet,
1102 2621 1305 2688 manifestum
1318 2627 1365 2688 est
1374 2628 1478 2688 vatem
1488 2621 1668 2689 Cretensem
1677 2621 1885 2706 Theogorrioe
1943 2675 1944 2700 ,

340 2735 500 2796 auctorem
523 2729 701 2815 significari.
734 2737 768 2797 at
790 2731 917 2795 omnino
939 2750 995 2794 cur
1017 2729 1087 2814 ipsa
1109 2730 1249 2795 carmina
1266 2730 1473 2812 Epimenides
1491 2730 1532 2796 ab
1551 2730 1769 2796 Eratosthene
1788 2733 1885 2793 auta
1943 2783 1944 2808 ,

341 2837 481 2902 Diodoro
498 2837 582 2901 lecta
595 2857 663 2904 esse
676 2857 833 2920 negemus,
851 2836 940 2901 nulla
953 2837 1078 2902 omnino
1097 2837 1230 2902 inveniri
1248 2842 1353 2921 potest
1372 2858 1472 2902 causa
1501 2839 1694 2904 contendunt
1712 2859 1794 2904 serre
1807 2835 1885 2900 Era-

341 2942 496 3010 tosthenis
520 2943 616 3008 verba
640 2936 658 3009 δ
686 2936 728 3009 τά
750 2935 900 3030 Κρητικὰ
928 2940 1074 3028 ἱστορῶν
1096 2943 1137 3008 de
1163 2949 1258 3027 poeta
1284 2966 1396 3028 parum
1418 2951 1493 3028 apte
1520 2945 1606 3010 dicta
1629 2967 1709 3022 esse,
1739 2948 1777 3010 at
1805 2941 1884 3024 fugit
1943 2969 1944 2972 ¹

342 3072 394 3118 eos
417 3052 501 3118 idem
524 3050 653 3118 verbum
676 3051 717 3116 ab
735 3050 945 3117 Eratosthene
969 3051 1017 3116 vel
1041 3053 1081 3116 de
1099 3050 1253 3136 Sophocle
1271 3051 1431 3117 adhiberi:
1455 3050 1523 3116 Cat.
1542 3050 1652 3136 fragm.
1671 3051 1751 3118 XVI
1771 3073 1800 3136 p.
1824 3048 1881 3115 116

341 3153 467 3246 ταύτην
499 3155 626 3244 ἱστορεῖ
649 3162 830 3245 Σοφοκλῆς
858 3148 876 3222 ὃ
904 3163 962 3245 τῆς
984 3157 1170 3243 τραγῳδίας
1195 3149 1335 3246 ποιητὴς
1358 3155 1394 3223 ἐν
1421 3151 1619 3248 Ἀνδρομέδᾳ
1641 3164 1711 3225 κτλ.
1747 3153 1882 3224 XXXVI

341 3287 371 3350 p.
397 3266 459 3331 176
484 3263 611 3352 ίστορεῑ
632 3265 667 3331 δὲ
690 3271 795 3331 ταῦτα
818 3268 1008 3352 Σοφοκλῆς.
1041 3265 1158 3330 iniuria
1184 3266 1282 3349 igitur
1305 3287 1404 3351 nuper
1426 3266 1591 3332 Kinlrelius
1614 3288 1664 3346 ea,
1691 3288 1777 3351 quae
1800 3262 1879 3348 apud

342 3373 585 3440 Eratosthenem
612 3379 645 3439 et
671 3373 845 3439 Diodorum
877 3377 1002 3438 servata
1023 3379 1105 3450 sunt,
1127 3371 1306 3456 fragmenta
1323 3395 1361 3438 ex
1378 3373 1578 3456 Theogoniae
1595 3373 1740 3458 requuiis
1759 3368 1879 3438 exemit.

342 3484 481 3546 ceterum
512 3481 725 3565 Theogoniam
756 3502 791 3546 re
822 3501 898 3545 vera
933 3480 973 3544 ab
1006 3479 1191 3564 Epimenide
1223 3479 1397 3564 proiectam
1429 3501 1510 3559 esse,
1545 3487 1583 3546 ut
1614 3502 1714 3566 nuper
1743 3477 1878 3564 suspica

342 3591 394 3652 tus
416 3591 465 3652 est
487 3584 617 3652 Carolus
639 3586 914 3674 Schultessius,²⁴)
938 3586 1024 3653 nullo
1046 3585 1140 3652 modo
1164 3609 1184 3652 a
1205 3609 1255 3653 me
1274 3589 1443 3672 impetrare
1461 3609 1589 3672 possum
1606 3595 1644 3655 ut
1662 3589 1799 3654 credam.
1824 3586 1877 3650 im·

342 3694 453 3778 primis
476 3695 559 3760 enim
582 3693 764 3779 Capricorni
790 3694 937 3771 historia,
966 3696 992 3760 si
1020 3695 1148 3779 quidem
1174 3699 1261 3760 recte
1284 3716 1303 3759 a
1325 3717 1376 3760 me
1398 3696 1440 3760 ad
1463 3697 1677 3782 Theogoniam
1698 3695 1805 3761 relata
1825 3697 1878 3764 esa

342 3800 522 3885 scruprdum
540 3807 658 3879 movet3
680 3804 708 3868 is
726 3803 818 3880 enim,
835 3803 889 3888 qui
908 3803 994 3886 apud
1012 3801 1231 3886 Epimenidem
1249 3800 1473 3889 Aegipanisffi)
1493 3811 1526 3869 et
1544 3804 1665 3888 Caprae
1683 3801 1767 3869 filius
1786 3800 1876 3866 Iovis·

434 4014 466 4084 ¹¹)
484 4015 624 4072 Nonnulla
642 4031 708 4072 sane
727 4031 761 4071 ex
780 4015 824 4071 his
843 4014 926 4070 etiam
946 4015 982 4070 ad
996 4013 1138 4085 Ephorum
1157 4013 1257 4070 reterri
1275 4020 1397 4084 possunt,
1417 4015 1464 4086 qui
1482 4033 1542 4088 cap.
1557 4017 1591 4072 64
1610 4016 1779 4085 nominatur;
1798 4019 1874 4080 atque

344 4104 378 4158 de
397 4103 490 4160 Minoe
509 4105 692 4175 quaquella,
712 4111 743 4160 ut
761 4121 795 4160 ex
813 4104 947 4161 Strabone
967 4105 993 4158 X
1011 4122 1037 4174 p.
1048 4105 1100 4159 476
1121 4104 1259 4171 discimus,
1279 4103 1381 4159 stmilia
1399 4104 1528 4176 prodidit,
1547 4121 1580 4161 ac
1599 4105 1734 4161 Diodorus
1753 4121 1813 4174 cap.
1833 4101 1874 4164 783

343 4194 393 4248 sed
420 4209 454 4250 ea
480 4201 574 4250 tamen
601 4193 749 4250 intercedit
776 4209 829 4249 non
857 4193 925 4249 levis
953 4193 1076 4264 proiecto
1099 4193 1299 4264 discrepantia,
1333 4194 1405 4264 quod
1432 4195 1505 4264 apud
1534 4193 1674 4264 Ephorum
1700 4195 1792 4250 Minos
1819 4193 1874 4260 post

343 4282 582 4353 Rhadamanthys,
601 4285 674 4353 apud
694 4283 842 4340 Diodorum
861 4284 1088 4354 Rhadamanthys
1106 4289 1169 4353 post
1187 4282 1309 4339 Minoem
1327 4299 1418 4339 rerum
1437 4283 1548 4353 potitur.

435 4371 466 4439 ¹⁴)
485 4370 556 4427 Vide
575 4373 603 4427 0.
623 4371 764 4428 Schultess
787 4374 821 4428 de
840 4371 1004 4444 EpImenide
1024 4373 1105 4429 Crete
1124 4373 1272 4442 Gottingae
1283 4373 1361 4439 1877,
1381 4372 1428 4443 qui
1447 4389 1507 4426 oum
1527 4373 1561 4428 de
1580 4373 1753 4444 Epimenidis
1772 4369 1827 4429 vita
1843 4383 1872 4422 ac

344 4475 462 4530 persona
479 4476 533 4515 non
552 4460 611 4516 sine
630 4462 701 4517 bono
720 4461 810 4518 iructu
829 4461 998 4528 disseruerit,
1018 4461 1047 4517 in
1067 4478 1101 4518 ea
1115 4478 1186 4532 quae
1201 4463 1237 4517 ad
1250 4461 1423 4532 Epimenidis
1438 4461 1543 4531 scripta
1556 4462 1678 4532 pertinet
1691 4468 1770 4534 parte
1784 4462 1872 4528 utpote

345 4565 362 4604 a
380 4549 574 4620 disputationis
593 4549 706 4606 consilio
724 4550 857 4607 alieniore
876 4567 929 4606 oon
948 4552 1044 4607 eadem
1059 4550 1206 4621 diligentia
1224 4549 1289 4620 egit.
1317 4567 1381 4606 nam
1395 4552 1468 4621 quod
1482 4551 1630 4607 Diodorum
1645 4552 1744 4608 librum
1760 4549 1870 4618 aliquem

344 4639 468 4709 pedestri
486 4655 611 4695 sermone
629 4640 814 4712 conscriptum
834 4643 900 4712 περί
923 4643 972 4710 τῆς
996 4637 1027 4695 ἐν
1047 4635 1144 4712 Κρῆτρ
1167 4639 1323 4708 πολιτείας,
1347 4639 1394 4710 qui
1412 4639 1570 4710 Epimenidi
1594 4658 1611 4697 a
1629 4641 1751 4710 Diogene
1769 4633 1870 4696 Laertio

345 4729 520 4796 adscribitur,
540 4729 703 4800 compilasse
721 4736 810 4800 putet,
830 4730 929 4786 vellem
949 4730 1117 4800 explicasset
1136 4730 1268 4800 quomodo
1287 4729 1390 4785 iactum
1405 4736 1487 4797 esset,
1506 4736 1537 4786 ut
1555 4730 1583 4784 in
1598 4730 1647 4787 illo
1661 4729 1732 4786 libro
1746 4727 1868 4784 Diodorus

344 4817 415 4874 nihil
433 4825 546 4889 praeter
563 4819 673 4875 fabulas
691 4819 835 4875 inveniret.
862 4819 1075 4875 Eratosthenem
1094 4825 1187 4874 autem
1206 4819 1390 4875 Schultessios
1409 4820 1492 4890 plane
1511 4819 1641 4890 neglexit.

436 4907 467 4974 ¹⁶)
486 4907 572 4963 Recte
592 4909 701 4979 quidem
720 4909 916 4965 animadvertit
925 4911 1045 4966 Vaterus
1062 4909 1127 4965 huic
1146 4908 1318 4979 Epimenidis
1336 4908 1488 4964 narrationi
1506 4924 1667 4979 repugnare,
1688 4909 1759 4978 quod
1778 4907 1803 4961 in
1820 4898 1865 4956 olio

344 4993 497 5066 fragmento
521 4997 610 5054 eidem
634 5006 733 5070 poetae
756 4998 860 5055 tributo
879 4999 936 5053 Pan
955 5004 984 5053 et
1002 5000 1091 5054 Arcas
1113 4997 1186 5053 loris
1205 5013 1239 5053 er
1258 4998 1372 5053 Callisto
1396 4997 1447 5051 tilii
1470 4996 1557 5054 inisse
1579 4997 1719 5066 dicuntum
1744 4997 1863 5052 serratum
