3906 5800
213 425 480 482 nonenoeane.
504 444 531 496 p.
552 427 611 491 142,
633 428 673 480 13.

1120 393 1251 480 Hrornue
1270 427 1305 490 Il,
1326 428 1368 481 18.
1554 426 1617 491 123

872 606 989 690 petisse
1012 626 1033 669 a
1050 605 1181 668 deorum
1199 607 1365 686 potestate,
1388 623 1428 667 ne
1447 605 1573 686 pariens

871 717 1045 796 operante
1067 711 1310 794 conspiceretur.
1343 729 1424 794 quae
1442 711 1574 775 deorum

872 818 1034 882 voluntate
1069 817 1103 881 in
1136 837 1251 899 equum
1282 835 1450 893 conversa,
1486 823 1573 899 post

871 945 966 1008 quarn
979 924 1111 1006 peperit,
1130 922 1214 988 inter
1228 927 1316 987 aetra
1329 928 1378 987 eet
1391 924 1572 988 constituta

871 1031 951 1096 haec
973 1030 1089 1094 dieitur
1112 1031 1209 1094 etium
1231 1027 1292 1093 hae
1314 1048 1349 1092 re
1371 1049 1435 1093 non
1454 1049 1522 1094 enee
1540 1030 1573 1094 in
1600 1039 1618 1092 5

872 1141 1041 1220 conspectu
1060 1134 1220 1212 Centauri,
1238 1155 1332 1219 quem
1350 1133 1489 1200 Chirona
1507 1157 1574 1201 esee

871 1243 1014 1308 nonnulli
1041 1241 1203 1321 diuerunt,
1231 1247 1263 1307 et
1291 1240 1387 1307 etiam
1409 1241 1574 1307 dimidiam

871 1351 1038 1434 adparere,
1061 1349 1148 1431 quod
1169 1347 1307 1414 uoluerit
1328 1347 1403 1414 seiri
1425 1368 1459 1413 ee
1481 1346 1573 1412 femi-

872 1477 945 1520 nam
968 1476 1044 1521 eene.

1190 1665 1240 1732 ΙΙΙ,
1262 1666 1302 1720 l'l.

162 1769 270 1836 Habet
293 1771 402 1836 stellae
428 1791 522 1854 super
549 1792 641 1836 nares
670 1769 818 1838 obscurae
917 1773 978 1838 Hic
996 1772 1094 1838 habet
1111 1773 1145 1836 in
1162 1779 1267 1838 rostro
1285 1771 1394 1838 stelles
1412 1771 1444 1836 ll
1462 1771 1573 1837 obscu-

120 1877 206 1953 duae,
229 1877 264 1941 in
286 1877 389 1960 capite
411 1876 547 1942 nitidum
568 1898 672 1954 unum,
695 1878 729 1942 in
751 1899 819 1943 ma·
872 1900 933 1955 rue,
956 1879 990 1944 in
1012 1879 1157 1963 capitol,
1179 1879 1214 1943 in
1232 1879 1362 1944 maxilla
1378 1878 1404 1955 Ι,
1427 1879 1460 1943 in
1479 1879 1574 1943 utris·

3 2008 4 2012 *
120 1982 193 2046 xilla
210 2004 316 2058 unam,
335 1984 367 2046 in
386 1984 518 2067 singulis
536 1982 665 2048 nuribus
679 1983 820 2066 singulas
873 2006 934 2068 qne
951 1985 1081 2050 auribus
1100 1985 1250 2068 singulae,
1267 1985 1301 2049 in
1320 1984 1494 2050 cervicibus
1507 1983 1573 2049 IIII

80 2087 309 2171 15splendida3,
327 2089 360 2152 in
378 2088 458 2154 collo
477 2095 636 2172 quattuor,
659 2089 692 2153 in
710 2111 819 2155 umero
873 2091 1037 2168 obscurae,
1059 2092 1114 2156 ned
1138 2091 1273 2156 maxime
1294 2092 1393 2167 lucet,
1416 2111 1497 2173 quae
1520 2099 1618 2156 een-15

120 2217 222 2272 unam,
240 2195 275 2258 in
292 2199 420 2277 pectore
437 2216 541 2272 uuam,
560 2196 593 2260 in
612 2197 703 2279 spina
715 2217 820 2273 unam,
873 2197 932 2281 piti
950 2198 1094 2281 proxima
1111 2199 1257 2281 eriperem
1276 2198 1309 2261 in
1327 2219 1437 2262 umero
1456 2198 1575 2263 claram

120 2301 151 2365 in
174 2300 325 2366 umbilico
348 2300 482 2366 nitidam
505 2323 609 2379 unam,
631 2303 665 2366 in
688 2303 819 2386 singulis
864 2304 901 2388 J,
929 2306 961 2369 in
984 2308 1111 2388 pectore
1134 2304 1163 2380 Ι,
1191 2304 1224 2367 in
1249 2303 1461 2387 interscapilio
1485 2303 1513 2380 Ι,
1539 2303 1574 2368 in

120 2407 251 2490 genibus
274 2406 423 2490 eingirlaa
446 2409 478 2470 in
497 2429 685 2492 unaquaque
702 2409 820 2492 ungula
873 2409 1022 2476 umbilico
1049 2410 1250 2474 novissimam
1272 2409 1301 2486 Ι,
1334 2430 1417 2492 quae
1443 2409 1573 2475 Andro-

121 2535 223 2578 unum.
270 2519 344 2578 sunt
371 2513 430 2578 snb
457 2535 520 2579 uno
548 2517 656 2580 decem
685 2522 717 2580 et
739 2520 819 2580 octo.
873 2517 981 2581 medae
998 2521 1094 2597 caput
1111 2521 1251 2594 uocatur,
1275 2515 1308 2579 in
1327 2515 1459 2599 genibus
1477 2518 1573 2581 utris-

873 2643 935 2706 que
949 2622 1097 2706 singulae,
1115 2623 1149 2686 in
1162 2623 1305 2704 utrisque
1320 2621 1495 2706 poplitibus
1509 2623 1574 2687 sin·
1583 2631 1619 2686 20

872 2729 972 2812 gulae,
994 2729 1041 2794 ita
1059 2734 1108 2795 est
1126 2728 1253 2794 omnino
1276 2727 1438 2794 stellarum
1451 2726 1573 2792 XVIII.
1634 2751 1636 2756 ·

908 3275 921 3313 e
940 3272 1023 3326 quae:
1044 3273 1096 3326 quo
1115 3257 1144 3311 V.
1239 3263 1416 3327 rpostqnam
1435 3257 1546 3326 peperit
1563 3258 1618 3310 bue

873 3346 982 3402 ircim
1004 3345 1244 3415 ercmowitriue,
1267 3347 1299 3400 r'n
1321 3345 1399 3400 lubrie
1418 3351 1482 3413 poet
1505 3347 1616 3402 deorum

873 3434 1014 3489 voluntate
1046 3435 1186 3503 lepemtur.
1285 3451 1311 3490 ιι
1338 3440 1439 3489 rostro:
1471 3433 1549 3488 labro
1581 3434 1617 3489 R.

793 3511 799 3518 ¹
874 3541 900 3580 re
919 3538 989 3592 qnae
1008 3522 1200 3578 Andromedae
1224 3529 1307 3592 eaput
1331 3529 1457 3580 vocetur:
1481 3539 1515 3576 ec
1532 3523 1618 3577 Arati

873 3629 897 3665 u.
916 3615 982 3666 207.
1055 3628 1081 3666 22
1100 3611 1192 3666 XVIII
1210 3611 1348 3666 Buatiue:
1368 3611 1447 3666 XVII
1466 3611 1536 3666 lebri.
