3920 5806
340 407 406 474 234

340 592 493 670 quantum
516 585 748 654 Alexandrinae
771 589 886 654 aetatis
912 586 1107 654 fabulatores
1130 588 1278 670 epistolas
1301 588 1471 652 amatorias
1493 587 1527 652 iu
1550 585 1671 650 deliciis
1697 585 1866 658 habuerunt,
1898 570 1901 692 i

340 696 490 760 concedes
514 697 632 778 optime
655 693 723 760 fieri
746 695 895 779 pobiisse,
917 701 955 761 ut
977 693 1149 760 Andriscus
1172 695 1221 759 vel
1243 695 1385 780 quisquis
1407 693 1469 759 fuit
1489 694 1680 777 Diognetum
1697 691 1866 775 Polycritee
1901 704 1902 750 l

339 801 543 886 cupiditatem
565 823 656 866 suam
679 801 813 885 epistola
835 802 911 868 data
933 803 1085 866 fatentem
1104 822 1202 886 eaque
1221 804 1382 868 occasione
1401 802 1509 866 oblata
1526 800 1667 866 fabulam
1686 797 1769 864 illam
1788 818 1867 862 com-

337 915 564 974 memorantem
581 907 709 984 faneret,
732 909 875 994 Hyginus
898 915 1004 974 autem
1028 909 1228 992 Diognetum,
1253 930 1345 992 quem
1369 909 1401 974 iu
1424 909 1598 974 enchiridio
1621 908 1729 990 aliquo
1751 905 1866 990 mytho-
1904 907 1905 934 ¹

338 1014 439 1099 logico
461 1016 640 1092 invenisset,
663 1037 721 1099 pro
744 1017 906 1100 scriptore,
929 1037 991 1080 non
1013 1037 1071 1100 pro
1095 1015 1221 1081 fabulae
1243 1037 1386 1100 persone,
1408 1015 1548 1082 haberet.
1906 1101 1907 1104 Ἴ

427 1121 498 1187 Non
520 1143 570 1186 me
593 1123 675 1206 fugit
698 1123 779 1187 hanc
801 1123 1047 1207 disputationem
1069 1129 1138 1188 tum
1155 1124 1281 1189 demum
1299 1122 1477 1189 absolutum
1495 1123 1544 1201 iri,
1562 1143 1633 1188 cum
1652 1122 1762 1187 eodem
1779 1119 1862 1184 medo

337 1228 371 1292 in
398 1234 573 1295 ceterorum
600 1229 754 1294 librorum
781 1230 883 1296 fontes
916 1231 1138 1314 inquisiverim.
1186 1231 1242 1295 sed
1273 1230 1334 1296 hoc
1362 1251 1473 1296 munus
1500 1249 1583 1293 nunc
1609 1229 1737 1314 quidem
1764 1229 1795 1291 in
1822 1247 1863 1290 me

337 1335 476 1419 recipere
503 1357 567 1401 uon
593 1357 728 1421 possum.
764 1337 879 1420 pusillo
907 1343 1012 1402 tamen
1039 1338 1175 1421 quodam
1202 1338 1329 1404 invento
1356 1338 1490 1403 lectores
1517 1335 1665 1402 fraudare
1692 1336 1773 1402 uolc.
1808 1333 1866 1398 Eu·

337 1442 452 1508 dunum
475 1447 600 1510 secutus
624 1431 739 1508 Aratus
763 1444 841 1508 dicit
863 1445 903 1510 de
928 1443 1140 1509 Geniculerio:

742 1608 769 1650 v.
793 1587 834 1650 69
862 1624 900 1634 -
924 1586 1035 1671 μέσσῳ
1060 1578 1093 1651 d'
1117 1582 1287 1672 ἐφύπερθε
1312 1583 1449 1673 καρὴνῳ

657 1694 825 1778 δεξιτεροῖο
846 1684 953 1771 ποδὸς
977 1687 1082 1776 ἄκρον
1106 1690 1170 1777 ἔχει
1194 1697 1343 1759 σκολιοῖο
1367 1689 1566 1780 Δράκοντος.
1915 1714 1917 1772 l

336 1834 392 1898 sed
420 1833 541 1900 fallitur
564 1834 727 1914 Eudoxus,
754 1857 828 1902 nam
855 1837 997 1914 sinistro,
1024 1857 1087 1903 non
1109 1838 1235 1913 dextro,
1257 1839 1336 1922 pede
1361 1837 1578 1902 Genicularius
1601 1843 1697 1920 caprut
1719 1835 1867 1900 Draconis
1918 1848 1919 1886 l

335 1941 458 2024 premit
481 1961 508 2007 u.
527 1940 698 2026 Hippareh.
716 1965 745 2028 p.
766 1943 819 2009 20.
839 1943 1035 2028 (Victorius.)
1064 1944 1289 2010 Eratosthenes
1308 1952 1399 2010 caute
1418 1945 1557 2029 scripsit:
1582 1935 1600 2009 ὁ
1620 1936 1654 2009 d'
1669 1942 1868 2029 {andainense
1919 1916 1921 2000 ¹.

336 2039 429 2132 αὐτῷ
461 2040 624 2126 τεθεικώς
656 2041 695 2116 τὸ
728 2047 765 2115 ἓν
796 2045 894 2134 γόνυ,
926 2057 975 2135 τῷ
1008 2042 1041 2116 δ’
1074 2045 1176 2135 ἑτέρῳ
1207 2052 1290 2117 ποδὶ
1322 2049 1377 2118 ἐπὶ
1410 2042 1471 2138 τὴν
1499 2042 1650 2138 κεφαλὴν
1679 2049 1866 2132 ἐπιβαίνων.
1921 2050 1922 2054 ’

336 2153 463 2222 Attalus
485 2155 635 2234 Rhodius,
657 2163 694 2222 ut
717 2157 849 2223 Aratum
874 2157 914 2222 ab
939 2157 1054 2222 emeris
1077 2158 1206 2223 crimine
1229 2164 1381 2236 tueretur,
1404 2156 1500 2224 scribi
1523 2159 1628 2224 iussit:

890 2299 1013 2382 μέσσου
1038 2291 1071 2364 d’
1095 2297 1267 2386 ἐφύπερθε
1291 2297 1441 2386 καρήνου

547 2406 717 2492 desurper
738 2399 845 2485 ποδὸς
869 2397 975 2492 ἄκρον
999 2403 1062 2492 ἔχει
1087 2411 1235 2474 σκολιοῖο
1260 2404 1457 2492 Δράκοντος.

333 2570 360 2614 v.
388 2545 483 2614 schol.
511 2547 598 2614 Aret.
628 2549 669 2614 69
699 2572 727 2634 p.
750 2548 808 2627 58,
826 2550 877 2615 29.
916 2549 1087 2634 Hipparch.
1115 2573 1143 2635 p.
1168 2549 1197 2614 ’1.
1229 2549 1312 2614 hanc
1338 2555 1442 2615 autem
1471 2549 1511 2615 ad
1540 2549 1706 2616 lectionem
1734 2549 1867 2632 respexit

333 2655 489 2739 Hyginus,
516 2677 707 2740 quamquam
735 2657 916 2740 ceteroquin
943 2655 1188 2722 Eratosthenem
1214 2662 1339 2722 secutus
1362 2662 1418 2722 est.
1447 2655 1479 2721 Π
1503 2657 1522 2720 6
1546 2679 1575 2740 p.
1599 2657 1652 2732 41,
1678 2655 1718 2720 13
1741 2656 1867 2719 sinistre
1931 2722 1932 2730 ,

328 2762 410 2842 pcde
431 2763 548 2842 cupitis
570 2763 637 2826 eius
661 2764 806 2828 deutrum
828 2767 952 2844 portent
975 2765 1151 2844 opprimere
1173 2747 1314 2829 capoten.
1347 2763 1454 2847 itaqua
1477 2769 1534 2828 aut
1552 2764 1696 2829 Attalum
1713 2761 1868 2826 Rhodium
1932 2790 1933 2814 i

332 2868 446 2952 legerit
468 2876 524 2934 aut
541 2869 626 2934 illins
645 2872 857 2937 coniecturam
881 2873 912 2935 in
931 2872 1073 2955 exemplo
1092 2893 1149 2937 suo
1168 2869 1323 2936 invenerit
1341 2891 1466 2936 necesse
1485 2875 1541 2936 est.
1570 2871 1702 2935 eandem
1720 2871 1867 2953 agnoscit,
1933 2857 1934 2884 ¹

333 2976 389 3042 sed
411 2975 506 3040 aliter
529 2976 756 3061 interpretatur
769 2977 947 3044 scholiasta
970 2979 1011 3044 ad
1034 2979 1122 3044 Aret
1145 3001 1171 3045 v.
1196 2979 1237 3044 69
1261 3001 1290 3062 p.
1313 2978 1367 3055 58,
1386 2977 1438 3044 30.

421 3081 470 3146 De
492 3081 685 3148 Fabularnm
710 3083 792 3149 libro
820 3084 915 3150 latins
939 3107 1033 3169 agero
1057 3087 1117 3152 etei
1144 3085 1185 3150 ab
1212 3085 1306 3150 huius
1334 3084 1558 3170 disputationis
1580 3085 1711 3150 coneilio
1735 3083 1865 3149 alienum

333 3190 384 3267 sit,
406 3211 503 3254 unum
525 3196 631 3256 tamem
655 3196 715 3268 est,
743 3193 828 3276 quod
856 3191 981 3258 silentio
1008 3195 1260 3277 praetermittere
1283 3192 1388 3257 nolim
1417 3213 1489 3256 nam
1512 3213 1583 3258 cum
1606 3191 1750 3276 Hyginus
1772 3191 1804 3256 11
1829 3191 1864 3254 12

332 3318 362 3380 p.
385 3295 438 3372 46,
464 3295 504 3361 15
532 3297 590 3384 (=
618 3296 735 3363 Catast
768 3298 877 3383 fragnu
905 3321 934 3384 p.
961 3300 1033 3377 131,
1053 3300 1110 3388 20)
1142 3321 1175 3365 se
1203 3299 1243 3364 de
1272 3299 1382 3365 Graeis
1410 3299 1446 3363 iu
1470 3300 1575 3380 primo
1603 3299 1685 3363 libro
1715 3297 1865 3363 Garrulu-

332 3403 461 3486 ρι’σνκιο
483 3404 583 3488 egisse
611 3405 742 3482 iudicet,
769 3405 863 3472 huius
887 3408 1003 3491 operis,
1031 3407 1114 3491 quod
1143 3413 1208 3472 tres
1235 3407 1399 3472 minimum
1426 3406 1523 3472 libros
1552 3407 1747 3490 complexum
1775 3407 1865 3470 fuisse

333 3511 479 3595 adparet,
507 3513 727 3596 compendium
754 3534 821 3580 esse
850 3535 933 3590 eum,
965 3537 1058 3598 quem
1089 3535 1147 3579 nos
1174 3519 1329 3591 tenemus,
1357 3513 1548 3579 Fabularuiu
1574 3514 1691 3578 librum
1719 3535 1790 3578 cum
1816 3512 1866 3577 alii

333 3621 512 3683 statuerunt
548 3622 615 3683 tum
652 3619 783 3686 Carolus
814 3619 953 3704 Langins
990 3621 1044 3709 (de
1076 3643 1158 3687 nexu
1190 3621 1274 3686 inter
1301 3620 1381 3705 Hyg.
1410 3643 1458 3705 op.
1491 3620 1587 3704 myth.
1616 3626 1649 3686 et
1676 3619 1773 3686 fabul.
1801 3619 1866 3685 libr.

333 3724 516 3809 Moguntiae
542 3724 627 3791 1865
650 3750 679 3811 p.
703 3727 739 3813 5)
767 3733 799 3793 et
826 3727 999 3794 Bursienns
1026 3729 1059 3793 in
1087 3728 1226 3794 eiusdem
1253 3727 1353 3793 libelli
1380 3728 1561 3793 recensione
1589 3726 1714 3811 (Jahrb.
1738 3725 1759 3791 f.
1783 3727 1867 3792 class.

332 3832 445 3899 Philol.
472 3833 556 3898 1866
579 3856 608 3917 p.
633 3832 726 3920 162);
753 3834 848 3901 immo
877 3837 961 3920 quod
983 3836 1207 3923 Dositheus²⁷)
1235 3835 1268 3900 in
1296 3855 1442 3919 graecum
1464 3835 1629 3901 transtulit
1652 3835 1770 3918 Hygini
1794 3855 1867 3918 opus

333 3939 511 4006 fabularum
534 3941 618 4018 libri,
640 3944 676 4005 ut
694 3963 785 4008 nemo
804 3945 912 4020 nescit,
935 3943 1127 4009 simillimum
1151 3945 1322 4028 genuinum
1343 3942 1428 4008 huuc
1446 3943 1582 4018 titulum,
1606 3943 1660 4025 qui
1679 3948 1727 4007 est
1748 3941 1867 4008 Genea-

333 4047 449 4129 lopiac,
478 4068 555 4131 prae
578 4069 612 4113 se
633 4046 764 4114 ferebat.
798 4050 840 4114 ad
863 4051 945 4114 idem
969 4072 1047 4134 opus
1070 4049 1188 4128 refero,
1216 4051 1300 4136 quod
1322 4049 1479 4134 Hyginus,
1505 4048 1562 4113 uhi
1585 4048 1808 4133 Aglaosthenis
1830 4048 1867 4113 de

331 4154 444 4238 piratis
467 4154 637 4239 Tyrrhenis
664 4157 878 4221 narrationem
906 4178 944 4223 ex
972 4156 1203 4224 Catasterismis
1230 4156 1349 4234 reddit,
1372 4155 1404 4221 Π
1431 4156 1469 4220 17
1493 4177 1522 4238 p.
1547 4156 1603 4232 57,
1627 4157 1647 4219 3
1671 4157 1730 4242 (=
1753 4155 1867 4221 Catust

332 4260 442 4345 fragm.
465 4282 495 4346 p.
522 4261 598 4339 161,
626 4261 661 4350 6)
685 4263 724 4329 de
747 4262 855 4329 Liberi
882 4265 1058 4331 nutricibus
1085 4267 1132 4330 ita
1154 4265 1279 4331 scribit:
1308 4285 1330 4328 ο
1353 4264 1468 4346 quibus
1490 4283 1559 4325 euru
1581 4265 1739 4327 nutritum
1762 4267 1791 4327 et
1813 4283 1868 4326 nes

333 4366 555 4456 (0036111101)
574 4370 610 4433 ιἰι
622 4371 775 4453 properie
793 4371 923 4436 deorum
942 4376 970 4436 et
988 4372 1161 4458 correpturos
1178 4370 1295 4438 Graeci
1314 4371 1472 4436 dixerunt.
1501 4369 1595 4435 aliter
1613 4391 1689 4436 saue
1702 4372 1802 4435 visum
1822 4373 1868 4462 est

332 4473 496 4553 Bursianc,
520 4476 574 4559 qui
597 4477 716 4542 tradito
739 4477 794 4542 illo
817 4479 928 4558 nostri,
953 4480 1038 4563 qnod
1061 4500 1118 4563 ego
1142 4478 1302 4546 Schefferc
1324 4483 1496 4562 praeeunte
1519 4477 1551 4541 in
1573 4498 1632 4542 reos
1654 4477 1782 4554 mutavi,
1805 4497 1866 4542 ser-

331 4587 405 4646 rato
429 4581 468 4646 de
490 4582 729 4670 mythographis
755 4585 863 4651 latinis
891 4607 1065 4652 sermonem
1093 4607 1160 4652 esse
1183 4585 1366 4651 arbitratur.
1399 4589 1433 4650 at
1456 4583 1613 4649 Romanos
1636 4583 1806 4668 scriptores
1828 4579 1865 4646 ah

421 4813 455 4882 11)
474 4815 507 4868 V.
526 4813 654 4871 Dosithei
672 4831 743 4886 meg.
762 4815 906 4887 interpret.
926 4816 974 4871 lib.
993 4818 1035 4871 111
1054 4817 1096 4872 ed.
1114 4815 1264 4886 Boecking.
1298 4814 1399 4888 Hygini
1423 4813 1479 4869 fab.
1499 4814 1540 4870 ed.
1561 4815 1599 4870 M.
1618 4812 1742 4871 Schmidt
1760 4830 1788 4884 p.
1807 4811 1865 4866 LIV

333 4901 457 5044 Μαξίμῳ
480 4905 529 4957 καὶ
553 4895 641 4980 lurp
660 4897 777 4970 ὑπάτοις
795 4900 851 4978 πρὸ
871 4900 901 4976 y'
921 4903 1004 4960 εἰδῶν
1022 4907 1222 4978 Σεπτεμβρίου
1241 4899 1372 4976 ‘Yylvou
1395 4903 1625 4976 γενεαλογίαν
1648 4905 1717 4958 πᾶσι
1737 4897 1863 4972 γνώστην

330 5008 385 5062 W
401 5005 507 5064 ΥθαΨα·
1144 5037 1147 5042 ,
