3906 5800
347 419 407 482 142
538 419 675 472 Errrous.

432 602 509 682 Εμει
527 598 562 662 δὲ
578 591 716 684 ύοτέρας
731 597 870 665 ἐπὶτῶν

386 711 517 770 κτενῶν
545 700 713 790 ἑκατέρων
741 701 786 785 α’,
818 700 871 790 ἐφ’

386 807 545 898 ἑκατέρου
569 808 700 899 πήχεως
721 804 870 900 ἄκρατη-

384 922 460 1005 ρὶου
489 912 611 1003 ὁμοίως
639 915 684 998 α’,
717 911 769 1002 ἐφ’
798 916 870 985 ἑκα-

360 1026 494 1112 5τέροον
513 1019 615 1111 ὤμων
636 1023 676 1106 α’,
696 1025 751 1090 ἐπὶ
770 1031 871 1111 ζυγοῦ

387 1129 431 1212 α’,
464 1131 519 1198 ἐπὶ
545 1141 607 1198 τοῦ
634 1134 808 1218 πυθμένος
835 1129 869 1199 α’

385 1231 508 1306 λευκὸν
525 1241 580 1304 καὶ
600 1236 765 1325 λαμπρόν·
792 1232 870 1317 τοὺς

385 1342 514 1424 πάντας
537 1343 575 1434 η’.

1004 419 1103 474 Scson.
1124 423 1211 474 Auen.

1040 599 1178 652 nmmum.

1386 421 1486 474 Sciron.
1506 418 1599 475 Genu.
1618 419 1670 474 BP.
1689 437 1714 488 p.
1735 419 1779 482 84.
1800 422 1839 474 15.
1946 419 1947 456 ἲ

1391 599 1497 664 Habet
1515 599 1624 664 stellae
1643 600 1676 662 in
1689 601 1832 682 utrisque

1346 705 1523 790 pectinibus
1546 705 1697 790 singtilis,
1723 707 1758 770 in
1781 727 1832 770 co-
1946 737 1947 756 ι

1347 815 1470 878 cumino
1501 835 1652 879 cornuum
1684 813 1834 897 singulas,
1946 813 1947 822 ’

1347 922 1380 984 iu
1402 922 1518 985 umeris
1541 920 1688 1004 singulos,
1712 919 1779 985 inf
1818 958 1833 971 ·
1946 911 1947 918 ἶ

1347 1027 1388 1092 do
1415 1049 1523 1104 unam,
1550 1028 1582 1091 in
1611 1028 1704 1093 dorso
1729 1049 1832 1092 uuum.
1858 1037 1874 1088 5

1313 1203 1323 1228 1
1347 1133 1428 1199 fiunt
1449 1135 1533 1200 VIII.

214 1878 309 1932 XXV.
433 1869 540 1957 Οὗτός
559 1879 648 1946 ἐστιν
668 1873 906 1966 ὁκαλούμενος
920 1877 974 1968 ύρ-

1048 1791 1071 1830 r.
1091 1776 1151 1829 275.
1176 1792 1201 1844 p.
1222 1776 1263 1840 76,
1283 1776 1326 1830 19.

1118 1872 1146 1967 qi
1184 1875 1265 1959 Ζεὺς
1302 1882 1343 1947 εἰ-

1562 1793 1588 1846 p.
1608 1774 1651 1839 84,
1672 1777 1713 1829 19.

1434 1883 1495 1948 Hic
1504 1889 1552 1948 est
1562 1904 1688 1968 cygnus,
1697 1884 1730 1947 in
1742 1902 1834 1964 quem

204 1963 321 2030 Isim·
344 1997 376 2050 10
386 2009 436 2065 νις
454 1987 562 2071 μέγας,
582 1978 623 2053 ὃν
637 1983 761 2073 Κύκνῳ
777 1987 973 2072 εἰκάζουσιν.
1031 1999 1065 2051 10
1074 1991 1212 2066 reddetr
1226 1981 1344 2075 ὡμίλη-
1391 1991 1505 2058 rerunt
1532 1989 1637 2056 Iovem
1665 2012 1698 2055 se
1725 1995 1874 2053 trans-10

386 2093 514 2178 λέγεται
534 2093 569 2160 δὲ
591 2088 653 2161 τὸν
677 2097 736 2164 Δία
760 2088 974 2180 ὁμοιωθέντα

385 2208 434 2286 τῷ
498 2199 573 2286 ςώφ
631 2199 742 2287 τούτῳ
801 2203 975 2286 Νεμέσεως

386 2306 584 2396 ἐρασθῆναι,
630 2308 701 2375 ἐπεὶ
743 2302 825 2397 αύτὴ
861 2317 974 2376 πᾶσαν

385 2408 495 2502 ἤμειβε
518 2412 661 2503 μορφήν,
685 2416 740 2483 ἵνα
763 2409 825 2504 τὴν
847 2422 973 2502 παρθε-

342 2530 375 2585 15
385 2524 461 2587 ulcr
488 2519 633 2607 φυλάξῃ,
660 2526 719 2589 καὶ
745 2521 822 2590 τότε
850 2521 974 2600 κύκνος

383 2629 531 2714 γέγονεν’
558 2621 649 2696 ούτω
677 2634 733 2696 καὶ
756 2623 860 2698 αύτόν
884 2624 973 2716 ὃμοι-

384 2735 521 2802 οοθέντα
552 2745 602 2822 τῷ
630 2731 738 2824 ὀρνέῳ
766 2746 975 2826 καταπτῆναι

385 2835 978 2932 rtgbapvocvrarqgdistorqueretur

384 2942 446 3036 τὴν
478 2949 622 3035 Νέμεσιν
655 2956 805 3037 φθεῖραι·
844 2944 906 3039 τὴν
939 2952 975 3017 δὲ

339 3065 375 3118 20
383 3067 494 3120 τεκεῖν
513 3048 594 3141 ιμ’όν,
614 3055 649 3138 ἐξ
667 3047 708 3122 οὗ
722 3057 975 3142 ἐκκολαφθῆναι

385 3165 441 3228 καὶ
472 3163 630 3248 γενέσθαι
663 3156 725 3251 τὴν
753 3158 897 3252 Ἑλένην,
930 3156 976 3243 ὥς

384 3287 463 3357 φησι
487 3273 652 3356 Κρατῖνος
680 3263 698 3336 ὃ
725 3269 872 3358 ποιητής.
918 3273 975 3337 καὶ

385 3368 502 3442 διὰτὸ
525 3369 568 3464 μὴ
591 3385 900 3465 μεταμορφωθῆναι
919 3373 974 3443 αύ-

383 3479 456 3562 τόν,
485 3475 556 3548 ἀλλ’
582 3476 690 3562 οὕτως
719 3477 906 3572 ἀναπτῆναι
929 3485 976 3562 εἰς

339 3598 375 3652 25
384 3581 446 3655 τὸν
466 3581 624 3675 ούρανόν,
643 3583 774 3656 καὶτὸν
789 3587 899 3658 τύπον
913 3600 976 3658 τοῦ

383 3691 521 3762 Κύκνου
545 3693 668 3784 ἔθηκεν
688 3696 725 3763 ἐν
742 3711 813 3776 τοῖς
832 3691 974 3784 ἄστροις.

385 3799 453 3868 ἔστι
473 3803 509 3869 δὲ
528 3800 718 3888 ἱπτάμενος,
738 3800 809 3884 οἶος
826 3801 904 3872 τότε
923 3793 973 3892 ἦν.

375 4333 537 4414 οἱκατύρου
553 4343 665 4414 scripsi:
684 4333 806 4398 ἑκάστου
821 4339 889 4399 libri.
910 4345 974 4413 post

340 4426 465 4502 πήχεωςι
483 4427 512 4487 α’
534 4434 609 4500 bbri‚·
628 4433 719 4488 deleri.
792 4453 811 4489 s.
823 4429 972 4504 ιάκρωτη-

341 4521 402 4588 ρίου
424 4523 536 4590 scripsi:
563 4517 708 4592 ἀκρωτῆρι
732 4522 801 4576 iibri.
838 4517 972 4592 cinerisque

341 4609 428 4679 culpo.
500 4629 513 4666 s
532 4607 555 4680 η’
576 4613 687 4678 scripsi:
706 4607 733 4665 θ’
753 4612 821 4666 libri.

375 4715 395 4756 e.
415 4715 440 4753 ro
459 4693 535 4768 ὅρνις
554 4699 619 4754 add.
639 4700 773 4770 Heynius.
851 4717 876 4757 ιο
894 4697 974 4755 ro'rr:

340 4805 407 4840 riu-m
424 4784 457 4842 τὸ
477 4787 577 4853 citor?
612 4807 638 4844 ss
655 4791 793 4860 Κρατῖνος
808 4790 972 4844 Valckenar-

339 4876 413 4930 rr'us:
426 4872 536 4947 Κράτης
545 4879 615 4934 iibri.
636 4879 670 4944 es.
681 4879 878 4947 Ρτολιρουιιιιο
887 4897 915 4946 p.
925 4883 971 4934 22.

1074 2113 1108 2160 (ῖέ
1134 2149 1139 2160 .
1165 2149 1172 2160 .
1198 2148 1204 2160 .
1226 2148 1232 2160 .
1254 2149 1259 2161 .
1281 2149 1287 2160 .
1308 2149 1314 2161 .
1337 2149 1343 2161 .

1072 2200 1345 2287 Νιμέσει,ἐκταύ-

1072 2301 1345 2396 Qfflfflss

1072 2417 1345 2503 λένηνγενέσθαι.

1399 2096 1550 2181 figurasse
1595 2104 1628 2161 et
1663 2095 1833 2162 transvoli-

1399 2211 1483 2268 tesse
1502 2206 1534 2270 in
1553 2210 1670 2270 terram
1695 2203 1833 2267 Atticam

1399 2311 1600 2377 Rhamnunta
1620 2312 1727 2395 ibique
1751 2331 1834 2374 eom·

1399 2419 1550 2500 pressisse
1588 2418 1763 2494 Nemesim,
1800 2423 1834 2481 ut

1400 2525 1446 2587 uit
1474 2523 1622 2590 Cratinus
1652 2524 1873 2608 tragoedia-15

1398 2653 1467 2695 rum
1513 2631 1655 2714 scriptor,
1701 2653 1833 2714 eamque

1398 2739 1533 2803 edidisse
1547 2759 1647 2814 ovum,
1661 2739 1743 2802 unde
1757 2743 1833 2802 neta

1398 2847 1440 2911 sit
1454 2846 1583 2912 Helene.
1611 2846 1667 2911 sed
1681 2845 1832 2928 quonism

1306 2993 1313 3007 ·
1397 2951 1518 3036 Iupiter
1537 2973 1645 3016 rursus
1663 2954 1696 3016 in
1710 2951 1832 3016 caelum

1397 3059 1430 3124 in
1443 3080 1576 3143 cygnum
1590 3057 1832 3142 transfiguratus
1842 3067 1873 3118 νο

1356 3231 1361 3243 ,
1397 3186 1430 3230 se
1444 3171 1615 3248 receperat,
1628 3172 1664 3231 ut
1677 3165 1739 3230 suit
1753 3187 1831 3249 pen·

1397 3273 1446 3337 nis
1477 3277 1597 3349 tentus,
1629 3273 1832 3338 simulacrum

1398 3381 1465 3444 eius
1487 3379 1643 3444 sideribus
1666 3379 1804 3462 reliquit.

1432 4365 1442 4402 1
1467 4343 1590 4416 utrisque
1619 4365 1645 4402 e:
1673 4353 1788 4416 utraque
1810 4341 1864 4399 BP.

1396 4451 1555 4492 scornuum
1574 4436 1685 4505 scripsi:
1712 4448 1862 4490 corneorum

1396 4523 1430 4577 B.
1451 4539 1626 4580 corraeorum
1637 4525 1668 4578 P.
1689 4526 1826 4580 cordarum
1836 4519 1863 4574 U.

1432 4631 1465 4668 ιι.
1485 4631 1510 4670 ιο
1546 4613 1574 4668 in
1612 4621 1712 4669 terrem
1750 4613 1861 4669 Atticam

1397 4703 1572 4758 Rhamnunte
1583 4722 1605 4758 r:
1618 4703 1646 4756 in
1656 4710 1758 4758 terrum
1767 4695 1862 4769 sttig'or

1397 4792 1524 4846 hunnum
1545 4793 1577 4847 tii
1596 4793 1655 4846 BP.
1701 4791 1861 4860 rescriptor.

1397 4895 1511 4950 eumque
1536 4900 1562 4936 r:
1595 4881 1808 4951 scriptoremque
1830 4877 1860 4931 B.

1396 4968 1568 5040 scriptorque
1587 4971 1619 5025 P.
1680 4989 1706 5025 ss
1725 4976 1813 5026 tentus
1829 4965 1858 5018 B.
1947 4943 1948 5016 i

1397 5065 1507 5113 utentes
1527 5060 1558 5114 P.
1596 5059 1680 5114 tentis
1697 5065 1723 5131 β,

1943 4498 1947 4533 i
