<?xml version="1.0" encoding="UTF-8"?>
<!DOCTYPE html PUBLIC "-//W3C//DTD XHTML 1.0 Transitional//EN"
    "http://www.w3.org/TR/xhtml1/DTD/xhtml1-transitional.dtd">
<html xmlns="http://www.w3.org/1999/xhtml" xml:lang="en" lang="en">
 <head>
  <title>
</title>
<meta http-equiv="Content-Type" content="text/html;charset=utf-8" />
  <meta name='ocr-system' content='tesseract 3.04.00' />
  <meta name='ocr-capabilities' content='ocr_page ocr_carea ocr_par ocr_line ocrx_word'/>
</head>
<body>
  <div class='ocr_page' id='page_1' title='image "./eratostheniscat01eratgoog_0273.png"; bbox 0 0 3920 5806; ppageno 0'>
   <div class='ocr_carea' id='block_1_1' title="bbox 204 389 406 460">
    <p class='ocr_par' dir='ltr' id='par_1_1' title="bbox 204 389 406 460">
     <span class='ocr_line' id='line_1_1' title="bbox 204 389 406 460; baseline 0 0"><span class='ocrx_word' id='word_1_1' title='bbox 204 389 207 396; x_wconf 53' lang='lat'><strong>⁴</strong></span> <span class='ocrx_word' id='word_1_2' title='bbox 340 395 406 460; x_wconf 87' lang='grc'>240</span> 
     </span>
    </p>
   </div>
   <div class='ocr_carea' id='block_1_2' title="bbox 339 572 1883 766">
    <p class='ocr_par' dir='ltr' id='par_1_2' title="bbox 339 572 1883 766">
     <span class='ocr_line' id='line_1_2' title="bbox 339 572 1882 659; baseline 0 -19"><span class='ocrx_word' id='word_1_3' title='bbox 339 573 555 640; x_wconf 80' lang='lat' dir='ltr'><strong>circumlatam</strong></span> <span class='ocrx_word' id='word_1_4' title='bbox 583 595 658 640; x_wconf 89' lang='grc'>5555.</span> <span class='ocrx_word' id='word_1_5' title='bbox 668 573 696 656; x_wconf 84' lang='lat'>⁸)</span> <span class='ocrx_word' id='word_1_6' title='bbox 723 574 809 656; x_wconf 85' lang='lat' dir='ltr'><strong>quod</strong></span> <span class='ocrx_word' id='word_1_7' title='bbox 837 594 911 639; x_wconf 81' lang='lat' dir='ltr'><strong>veru</strong></span> <span class='ocrx_word' id='word_1_8' title='bbox 935 573 1018 639; x_wconf 92' lang='lat' dir='ltr'><strong>idem</strong></span> <span class='ocrx_word' id='word_1_9' title='bbox 1041 572 1195 656; x_wconf 83' lang='lat' dir='ltr'><strong>Bergkius</strong></span> <span class='ocrx_word' id='word_1_10' title='bbox 1219 573 1431 659; x_wconf 77' lang='lat' dir='ltr'>Pherecydem</span> <span class='ocrx_word' id='word_1_11' title='bbox 1454 574 1513 641; x_wconf 90' lang='lat' dir='ltr'>hoo</span> <span class='ocrx_word' id='word_1_12' title='bbox 1536 573 1673 641; x_wconf 79' lang='lat' dir='ltr'>carmine</span> <span class='ocrx_word' id='word_1_13' title='bbox 1695 594 1782 639; x_wconf 88' lang='lat' dir='ltr'><strong>usum</strong></span> <span class='ocrx_word' id='word_1_14' title='bbox 1801 595 1882 640; x_wconf 84' lang='lat' dir='ltr'><strong>esse</strong></span> 
     </span>
     <span class='ocr_line' id='line_1_3' title="bbox 340 680 1883 766; baseline -0.001 -18"><span class='ocrx_word' id='word_1_15' title='bbox 340 681 431 759; x_wconf 90' lang='lat' dir='ltr'><strong>dicit,</strong></span> <span class='ocrx_word' id='word_1_16' title='bbox 462 682 497 746; x_wconf 94' lang='lat' dir='ltr'>id</span> <span class='ocrx_word' id='word_1_17' title='bbox 527 681 581 750; x_wconf 90' lang='grc'>1115</span> <span class='ocrx_word' id='word_1_18' title='bbox 611 680 690 745; x_wconf 85' lang='grc'>5111</span> <span class='ocrx_word' id='word_1_19' title='bbox 722 680 850 764; x_wconf 90' lang='lat' dir='ltr'><strong>quidem</strong></span> <span class='ocrx_word' id='word_1_20' title='bbox 883 703 922 746; x_wconf 92' lang='grc'>55</span> <span class='ocrx_word' id='word_1_21' title='bbox 950 681 1096 764; x_wconf 78' lang='lat' dir='ltr'><strong>Hyadum</strong></span> <span class='ocrx_word' id='word_1_22' title='bbox 1127 681 1306 746; x_wconf 81' lang='lat' dir='ltr'>nominibus</span> <span class='ocrx_word' id='word_1_23' title='bbox 1338 703 1419 766; x_wconf 90' lang='lat' dir='ltr'><strong>quae</strong></span> <span class='ocrx_word' id='word_1_24' title='bbox 1451 681 1560 748; x_wconf 88' lang='lat' dir='ltr'><strong>eadem</strong></span> <span class='ocrx_word' id='word_1_25' title='bbox 1592 682 1678 766; x_wconf 88' lang='lat' dir='ltr'><strong>apud</strong></span> <span class='ocrx_word' id='word_1_26' title='bbox 1708 687 1883 764; x_wconf 84' lang='lat' dir='ltr'><strong>uhumque</strong></span> 
     </span>
    </p>
   </div>
   <div class='ocr_carea' id='block_1_3' title="bbox 339 785 1885 984">
    <p class='ocr_par' dir='ltr' id='par_1_3' title="bbox 339 785 1885 984">
     <span class='ocr_line' id='line_1_4' title="bbox 340 785 1880 875; baseline 0 -22"><span class='ocrx_word' id='word_1_27' title='bbox 340 792 414 854; x_wconf 86' lang='lat' dir='ltr'><strong>sunt</strong></span> <span class='ocrx_word' id='word_1_28' title='bbox 446 786 487 875; x_wconf 83' lang='lat' dir='ltr'><strong>(v.</strong></span> <span class='ocrx_word' id='word_1_29' title='bbox 516 787 656 870; x_wconf 81' lang='lat' dir='ltr'><strong>Oataiog.</strong></span> <span class='ocrx_word' id='word_1_30' title='bbox 688 785 799 872; x_wconf 87' lang='lat' dir='ltr'><strong>fragm.</strong></span> <span class='ocrx_word' id='word_1_31' title='bbox 827 787 931 872; x_wconf 90' lang='grc'>1115.</span> <span class='ocrx_word' id='word_1_32' title='bbox 958 788 1011 852; x_wconf 91' lang='grc'>42.</span> <span class='ocrx_word' id='word_1_33' title='bbox 1052 787 1265 854; x_wconf 83' lang='grc'>0515515555.</span> <span class='ocrx_word' id='word_1_34' title='bbox 1297 788 1407 873; x_wconf 80' lang='lat' dir='ltr'><strong>fragm.</strong></span> <span class='ocrx_word' id='word_1_35' title='bbox 1434 810 1463 872; x_wconf 92' lang='lat' dir='ltr'>p.</span> <span class='ocrx_word' id='word_1_36' title='bbox 1494 791 1556 856; x_wconf 88' lang='lat'>106</span> <span class='ocrx_word' id='word_1_37' title='bbox 1589 789 1717 855; x_wconf 88' lang='lat' dir='ltr'><strong>Hesiod.</strong></span> <span class='ocrx_word' id='word_1_38' title='bbox 1746 789 1782 855; x_wconf 90' lang='lat' dir='ltr'>fr.</span> <span class='ocrx_word' id='word_1_39' title='bbox 1807 791 1880 856; x_wconf 83' lang='lat'>181</span> 
     </span>
     <span class='ocr_line' id='line_1_5' title="bbox 339 893 1885 984; baseline 0 -24"><span class='ocrx_word' id='word_1_40' title='bbox 339 893 511 984; x_wconf 86' lang='lat' dir='ltr'><strong>Marksch.)</strong></span> <span class='ocrx_word' id='word_1_41' title='bbox 537 894 623 960; x_wconf 84' lang='lat' dir='ltr'><strong>re&#39;cte</strong></span> <span class='ocrx_word' id='word_1_42' title='bbox 646 894 833 960; x_wconf 82' lang='lat' dir='ltr'><strong>conclusisse</strong></span> <span class='ocrx_word' id='word_1_43' title='bbox 859 895 999 973; x_wconf 84' lang='lat' dir='ltr'><strong>videtur,</strong></span> <span class='ocrx_word' id='word_1_44' title='bbox 1030 916 1132 979; x_wconf 89' lang='lat' dir='ltr'><strong>neque</strong></span> <span class='ocrx_word' id='word_1_45' title='bbox 1159 900 1266 962; x_wconf 83' lang='lat' dir='ltr'><strong>tamen</strong></span> <span class='ocrx_word' id='word_1_46' title='bbox 1292 897 1440 963; x_wconf 88' lang='lat' dir='ltr'><strong>idoneum</strong></span> <span class='ocrx_word' id='word_1_47' title='bbox 1467 904 1688 982; x_wconf 80' lang='lat' dir='ltr'><strong>argumentum</strong></span> <span class='ocrx_word' id='word_1_48' title='bbox 1714 901 1774 973; x_wconf 90' lang='lat' dir='ltr'><strong>est,</strong></span> <span class='ocrx_word' id='word_1_49' title='bbox 1801 919 1885 962; x_wconf 89' lang='lat' dir='ltr'><strong>cum</strong></span> 
     </span>
    </p>
   </div>
   <div class='ocr_carea' id='block_1_4' title="bbox 229 987 1882 1088">
    <p class='ocr_par' dir='ltr' id='par_1_4' title="bbox 229 987 1882 1088">
     <span class='ocr_line' id='line_1_6' title="bbox 229 987 1882 1088; baseline 0.001 -20"><span class='ocrx_word' id='word_1_50' title='bbox 229 1009 232 1016; x_wconf 85' lang='grc'><strong>’</strong></span> <span class='ocrx_word' id='word_1_51' title='bbox 339 987 514 1069; x_wconf 80' lang='lat' dir='ltr'><strong>adversarii</strong></span> <span class='ocrx_word' id='word_1_52' title='bbox 544 995 615 1087; x_wconf 86' lang='lat' dir='ltr'>pari¹</span> <span class='ocrx_word' id='word_1_53' title='bbox 647 1003 718 1067; x_wconf 88' lang='lat' dir='ltr'><strong>iura</strong></span> <span class='ocrx_word' id='word_1_54' title='bbox 747 1001 910 1068; x_wconf 86' lang='lat' dir='ltr'><strong>falsarium</strong></span> <span class='ocrx_word' id='word_1_55' title='bbox 937 1001 1127 1087; x_wconf 81' lang='lat' dir='ltr'><strong>Pherecydis</strong></span> <span class='ocrx_word' id='word_1_56' title='bbox 1160 1002 1278 1086; x_wconf 89' lang='lat' dir='ltr'><strong>scripta</strong></span> <span class='ocrx_word' id='word_1_57' title='bbox 1311 1004 1494 1088; x_wconf 76' lang='lat' dir='ltr'><strong>compilasse</strong></span> <span class='ocrx_word' id='word_1_58' title='bbox 1526 1006 1717 1071; x_wconf 90' lang='lat' dir='ltr'><strong>contendere</strong></span> <span class='ocrx_word' id='word_1_59' title='bbox 1747 1005 1882 1088; x_wconf 83' lang='lat' dir='ltr'><strong>possint</strong></span> 
     </span>
    </p>
   </div>
   <div class='ocr_carea' id='block_1_5' title="bbox 340 1109 1880 1195">
    <p class='ocr_par' dir='ltr' id='par_1_5' title="bbox 340 1109 1880 1195">
     <span class='ocr_line' id='line_1_7' title="bbox 340 1109 1880 1195; baseline 0 -19"><span class='ocrx_word' id='word_1_60' title='bbox 340 1131 437 1194; x_wconf 89' lang='lat' dir='ltr'><strong>quare</strong></span> <span class='ocrx_word' id='word_1_61' title='bbox 460 1109 561 1176; x_wconf 87' lang='lat' dir='ltr'><strong>donec</strong></span> <span class='ocrx_word' id='word_1_62' title='bbox 583 1109 715 1176; x_wconf 91' lang='lat' dir='ltr'><strong>fortiora</strong></span> <span class='ocrx_word' id='word_1_63' title='bbox 737 1115 925 1195; x_wconf 87' lang='lat' dir='ltr'><strong>argumenta</strong></span> <span class='ocrx_word' id='word_1_64' title='bbox 947 1109 1142 1190; x_wconf 84' lang='lat' dir='ltr'><strong>adferantur,</strong></span> <span class='ocrx_word' id='word_1_65' title='bbox 1164 1115 1306 1176; x_wconf 90' lang='lat' dir='ltr'><strong>tenemus</strong></span> <span class='ocrx_word' id='word_1_66' title='bbox 1324 1111 1559 1178; x_wconf 85' lang='lat' dir='ltr'><strong>Astronomiam</strong></span> <span class='ocrx_word' id='word_1_67' title='bbox 1581 1111 1772 1178; x_wconf 89' lang='lat' dir='ltr'><strong>Hesiodeam</strong></span> <span class='ocrx_word' id='word_1_68' title='bbox 1789 1132 1806 1175; x_wconf 89' lang='lat' dir='ltr'>a</span> <span class='ocrx_word' id='word_1_69' title='bbox 1822 1131 1880 1176; x_wconf 86' lang='lat' dir='ltr'>ce-</span> 
     </span>
    </p>
   </div>
   <div class='ocr_carea' id='block_1_6' title="bbox 237 1217 1946 1303">
    <p class='ocr_par' dir='ltr' id='par_1_6' title="bbox 237 1217 1946 1303">
     <span class='ocr_line' id='line_1_8' title="bbox 237 1217 1946 1303; baseline -0.001 -20"><span class='ocrx_word' id='word_1_70' title='bbox 237 1233 239 1236; x_wconf 84' lang='grc'><strong><em>·</em></strong></span> <span class='ocrx_word' id='word_1_71' title='bbox 340 1219 430 1296; x_wconf 88' lang='lat' dir='ltr'><strong>teris,</strong></span> <span class='ocrx_word' id='word_1_72' title='bbox 453 1239 532 1303; x_wconf 89' lang='lat' dir='ltr'><strong>quae</strong></span> <span class='ocrx_word' id='word_1_73' title='bbox 555 1218 686 1284; x_wconf 87' lang='lat' dir='ltr'><strong>Hesiodi</strong></span> <span class='ocrx_word' id='word_1_74' title='bbox 709 1218 836 1283; x_wconf 91' lang='lat' dir='ltr'><strong>nomine</strong></span> <span class='ocrx_word' id='word_1_75' title='bbox 859 1217 1020 1296; x_wconf 83' lang='lat' dir='ltr'><strong>extabant,</strong></span> <span class='ocrx_word' id='word_1_76' title='bbox 1043 1217 1235 1284; x_wconf 83' lang='lat' dir='ltr'><strong>carminibus</strong></span> <span class='ocrx_word' id='word_1_77' title='bbox 1257 1223 1399 1303; x_wconf 88' lang='lat' dir='ltr'><strong>tempore</strong></span> <span class='ocrx_word' id='word_1_78' title='bbox 1421 1240 1484 1283; x_wconf 91' lang='lat' dir='ltr'>non</span> <span class='ocrx_word' id='word_1_79' title='bbox 1507 1219 1601 1284; x_wconf 91' lang='lat' dir='ltr'><strong>nimis</strong></span> <span class='ocrx_word' id='word_1_80' title='bbox 1624 1219 1744 1285; x_wconf 86' lang='lat' dir='ltr'><strong>distare</strong></span> <span class='ocrx_word' id='word_1_81' title='bbox 1766 1217 1881 1282; x_wconf 87' lang='lat' dir='ltr'><strong>carmi-</strong></span> <span class='ocrx_word' id='word_1_82' title='bbox 1945 1225 1946 1230; x_wconf 77' lang='grc'>’</span> 
     </span>
    </p>
   </div>
   <div class='ocr_carea' id='block_1_7' title="bbox 339 1324 1946 1638">
    <p class='ocr_par' dir='ltr' id='par_1_7' title="bbox 339 1324 1946 1638">
     <span class='ocr_line' id='line_1_9' title="bbox 340 1324 1946 1412; baseline -0.002 -22"><span class='ocrx_word' id='word_1_83' title='bbox 340 1346 476 1408; x_wconf 89' lang='lat' dir='ltr'><strong>numque</strong></span> <span class='ocrx_word' id='word_1_84' title='bbox 498 1325 779 1391; x_wconf 85' lang='lat' dir='ltr'><strong>astronomicarum</strong></span> <span class='ocrx_word' id='word_1_85' title='bbox 806 1324 899 1409; x_wconf 90' lang='lat' dir='ltr'><strong>longe</strong></span> <span class='ocrx_word' id='word_1_86' title='bbox 926 1325 1172 1392; x_wconf 83' lang='lat' dir='ltr'><strong>vetustissimum</strong></span> <span class='ocrx_word' id='word_1_87' title='bbox 1199 1347 1274 1392; x_wconf 87' lang='lat' dir='ltr'><strong>esse.</strong></span> <span class='ocrx_word' id='word_1_88' title='bbox 1306 1347 1408 1410; x_wconf 89' lang='lat' dir='ltr'><strong>neque</strong></span> <span class='ocrx_word' id='word_1_89' title='bbox 1435 1327 1466 1391; x_wconf 91' lang='lat' dir='ltr'>in</span> <span class='ocrx_word' id='word_1_90' title='bbox 1491 1326 1690 1410; x_wconf 83' lang='lat' dir='ltr'><strong>fragmentis,</strong></span> <span class='ocrx_word' id='word_1_91' title='bbox 1720 1346 1799 1409; x_wconf 90' lang='lat' dir='ltr'><strong>quae</strong></span> <span class='ocrx_word' id='word_1_92' title='bbox 1820 1330 1882 1388; x_wconf 87' lang='grc'>551</span> <span class='ocrx_word' id='word_1_93' title='bbox 1945 1409 1946 1412; x_wconf 9' lang='lat'>¹</span> 
     </span>
     <span class='ocr_line' id='line_1_10' title="bbox 340 1431 1883 1510; baseline -0.002 -12"><span class='ocrx_word' id='word_1_94' title='bbox 340 1433 477 1498; x_wconf 87' lang='lat' dir='ltr'><strong>carmine</strong></span> <span class='ocrx_word' id='word_1_95' title='bbox 504 1433 558 1498; x_wconf 94' lang='lat' dir='ltr'><strong>illo</strong></span> <span class='ocrx_word' id='word_1_96' title='bbox 586 1433 704 1498; x_wconf 86' lang='lat' dir='ltr'><strong>diserte</strong></span> <span class='ocrx_word' id='word_1_97' title='bbox 730 1431 892 1500; x_wconf 85' lang='lat' dir='ltr'><strong>nominato</strong></span> <span class='ocrx_word' id='word_1_98' title='bbox 920 1433 1106 1499; x_wconf 91' lang='lat' dir='ltr'><strong>adferuntur</strong></span> <span class='ocrx_word' id='word_1_99' title='bbox 1132 1439 1189 1500; x_wconf 91' lang='grc'>551</span> <span class='ocrx_word' id='word_1_100' title='bbox 1215 1437 1235 1498; x_wconf 89' lang='grc'>5</span> <span class='ocrx_word' id='word_1_101' title='bbox 1261 1432 1353 1499; x_wconf 85' lang='grc'>55115</span> <span class='ocrx_word' id='word_1_102' title='bbox 1380 1433 1456 1499; x_wconf 89' lang='grc'>11155</span> <span class='ocrx_word' id='word_1_103' title='bbox 1481 1432 1585 1500; x_wconf 90' lang='lat' dir='ltr'><strong>relata</strong></span> <span class='ocrx_word' id='word_1_104' title='bbox 1611 1437 1698 1510; x_wconf 90' lang='grc'>5551,</span> <span class='ocrx_word' id='word_1_105' title='bbox 1730 1433 1757 1497; x_wconf 90' lang='grc'>51</span> <span class='ocrx_word' id='word_1_106' title='bbox 1783 1431 1883 1497; x_wconf 88' lang='lat' dir='ltr'><strong>Scor-</strong></span> 
     </span>
     <span class='ocr_line' id='line_1_11' title="bbox 339 1539 1946 1638; baseline -0.002 -32"><span class='ocrx_word' id='word_1_107' title='bbox 339 1541 477 1624; x_wconf 87' lang='lat' dir='ltr'><strong>pionem,</strong></span> <span class='ocrx_word' id='word_1_108' title='bbox 505 1541 545 1607; x_wconf 89' lang='grc'>15</span> <span class='ocrx_word' id='word_1_109' title='bbox 572 1559 634 1624; x_wconf 87' lang='grc'>555</span> <span class='ocrx_word' id='word_1_110' title='bbox 662 1539 723 1604; x_wconf 89' lang='lat' dir='ltr'>iam</span> <span class='ocrx_word' id='word_1_111' title='bbox 752 1539 849 1606; x_wconf 89' lang='lat' dir='ltr'><strong>locuti</strong></span> <span class='ocrx_word' id='word_1_112' title='bbox 876 1562 996 1618; x_wconf 89' lang='lat' dir='ltr'><strong>sumus,</strong></span> <span class='ocrx_word' id='word_1_113' title='bbox 1024 1541 1174 1624; x_wconf 81' lang='lat' dir='ltr'><strong>excipias,</strong></span> <span class='ocrx_word' id='word_1_114' title='bbox 1200 1540 1298 1605; x_wconf 93' lang='lat' dir='ltr'><strong>ullum</strong></span> <span class='ocrx_word' id='word_1_115' title='bbox 1328 1545 1388 1618; x_wconf 90' lang='grc'>551,</span> <span class='ocrx_word' id='word_1_116' title='bbox 1416 1542 1591 1626; x_wconf 87' lang='grc'>5551555</span> <span class='ocrx_word' id='word_1_117' title='bbox 1618 1539 1750 1607; x_wconf 88' lang='lat' dir='ltr'><strong>Hesiodi</strong></span> <span class='ocrx_word' id='word_1_118' title='bbox 1773 1543 1881 1604; x_wconf 84' lang='grc'>551515</span> <span class='ocrx_word' id='word_1_119' title='bbox 1945 1551 1946 1638; x_wconf 59' lang='lat' dir='ltr'><strong>j</strong></span> 
     </span>
    </p>
   </div>
   <div class='ocr_carea' id='block_1_8' title="bbox 339 1646 1946 1742">
    <p class='ocr_par' dir='ltr' id='par_1_8' title="bbox 339 1646 1946 1742">
     <span class='ocr_line' id='line_1_12' title="bbox 339 1646 1946 1742; baseline -0.003 -29"><span class='ocrx_word' id='word_1_120' title='bbox 339 1653 449 1713; x_wconf 89' lang='lat' dir='ltr'><strong>notum</strong></span> <span class='ocrx_word' id='word_1_121' title='bbox 472 1648 568 1713; x_wconf 88' lang='lat' dir='ltr'><strong>fuisse</strong></span> <span class='ocrx_word' id='word_1_122' title='bbox 591 1653 724 1724; x_wconf 90' lang='lat' dir='ltr'><strong>constet,</strong></span> <span class='ocrx_word' id='word_1_123' title='bbox 746 1647 841 1713; x_wconf 90' lang='lat' dir='ltr'><strong>immo</strong></span> <span class='ocrx_word' id='word_1_124' title='bbox 864 1647 905 1713; x_wconf 89' lang='lat' dir='ltr'>ab</span> <span class='ocrx_word' id='word_1_125' title='bbox 928 1647 1155 1742; x_wconf 85' lang='lat' dir='ltr'><strong>ipsoHesiodo</strong></span> <span class='ocrx_word' id='word_1_126' title='bbox 1178 1648 1256 1713; x_wconf 93' lang='lat' dir='ltr'><strong>alibi</strong></span> <span class='ocrx_word' id='word_1_127' title='bbox 1274 1653 1541 1714; x_wconf 77' lang='lat' dir='ltr'><strong>commemoretur.</strong></span> <span class='ocrx_word' id='word_1_128' title='bbox 1570 1653 1769 1713; x_wconf 88' lang='grc'>555155155</span> <span class='ocrx_word' id='word_1_129' title='bbox 1786 1646 1881 1710; x_wconf 86' lang='lat' dir='ltr'><strong>haec:</strong></span> <span class='ocrx_word' id='word_1_130' title='bbox 1945 1649 1946 1652; x_wconf 74' lang='grc'>’</span> 
     </span>
    </p>
   </div>
   <div class='ocr_carea' id='block_1_9' title="bbox 340 1743 1946 4303">
    <p class='ocr_par' dir='ltr' id='par_1_9' title="bbox 340 1743 1946 3428">
     <span class='ocr_line' id='line_1_13' title="bbox 340 1743 1946 1842; baseline -0.001 -24"><span class='ocrx_word' id='word_1_131' title='bbox 340 1753 468 1838; x_wconf 82' lang='lat' dir='ltr'><strong>Hyades</strong></span> <span class='ocrx_word' id='word_1_132' title='bbox 504 1754 583 1840; x_wconf 90' lang='lat'>(181</span> <span class='ocrx_word' id='word_1_133' title='bbox 617 1754 774 1820; x_wconf 89' lang='lat' dir='ltr'><strong>Marhsch.</strong></span> <span class='ocrx_word' id='word_1_134' title='bbox 814 1755 855 1819; x_wconf 95' lang='grc'>12</span> <span class='ocrx_word' id='word_1_135' title='bbox 882 1755 975 1820; x_wconf 81' lang='lat' dir='ltr'><strong>Kish.</strong></span> <span class='ocrx_word' id='word_1_136' title='bbox 1016 1754 1054 1821; x_wconf 88' lang='lat' dir='ltr'>cf.</span> <span class='ocrx_word' id='word_1_137' title='bbox 1083 1755 1174 1840; x_wconf 90' lang='lat' dir='ltr'><strong>Oper.</strong></span> <span class='ocrx_word' id='word_1_138' title='bbox 1203 1754 1297 1842; x_wconf 92' lang='grc'>615),</span> <span class='ocrx_word' id='word_1_139' title='bbox 1337 1755 1463 1822; x_wconf 89' lang='lat' dir='ltr'><strong>Pliades</strong></span> <span class='ocrx_word' id='word_1_140' title='bbox 1499 1755 1588 1840; x_wconf 89' lang='grc'>(179.</span> <span class='ocrx_word' id='word_1_141' title='bbox 1623 1755 1686 1821; x_wconf 90' lang='grc'>180</span> <span class='ocrx_word' id='word_1_142' title='bbox 1722 1752 1881 1818; x_wconf 85' lang='lat' dir='ltr'><strong>Marhsch.</strong></span> <span class='ocrx_word' id='word_1_143' title='bbox 1945 1743 1946 1802; x_wconf 78' lang='grc'>1</span> 
     </span>
     <span class='ocr_line' id='line_1_14' title="bbox 340 1857 1946 1962; baseline -0.002 -36"><span class='ocrx_word' id='word_1_144' title='bbox 340 1861 570 1927; x_wconf 74' lang='grc'>9-11111515.</span> <span class='ocrx_word' id='word_1_145' title='bbox 595 1862 632 1927; x_wconf 89' lang='grc'>51</span> <span class='ocrx_word' id='word_1_146' title='bbox 656 1862 748 1947; x_wconf 89' lang='lat' dir='ltr'><strong>Oper.</strong></span> <span class='ocrx_word' id='word_1_147' title='bbox 772 1861 845 1928; x_wconf 88' lang='lat'><strong>383.</strong></span> <span class='ocrx_word' id='word_1_148' title='bbox 868 1861 934 1928; x_wconf 90' lang='grc'>572</span> <span class='ocrx_word' id='word_1_149' title='bbox 958 1867 991 1928; x_wconf 91' lang='grc'>51</span> <span class='ocrx_word' id='word_1_150' title='bbox 1012 1863 1154 1949; x_wconf 86' lang='lat' dir='ltr'><strong>passim),</strong></span> <span class='ocrx_word' id='word_1_151' title='bbox 1182 1862 1265 1928; x_wconf 91' lang='lat' dir='ltr'><strong>Ursa</strong></span> <span class='ocrx_word' id='word_1_152' title='bbox 1286 1864 1387 1927; x_wconf 90' lang='lat' dir='ltr'><strong>maior</strong></span> <span class='ocrx_word' id='word_1_153' title='bbox 1411 1863 1491 1950; x_wconf 93' lang='grc'>(182</span> <span class='ocrx_word' id='word_1_154' title='bbox 1514 1859 1671 1927; x_wconf 85' lang='lat' dir='ltr'><strong>Marksch.</strong></span> <span class='ocrx_word' id='word_1_155' title='bbox 1698 1861 1739 1927; x_wconf 87' lang='lat'>13</span> <span class='ocrx_word' id='word_1_156' title='bbox 1762 1857 1883 1944; x_wconf 72' lang='grc'>111515),</span> <span class='ocrx_word' id='word_1_157' title='bbox 1945 1921 1946 1962; x_wconf 70' lang='lat'><strong>,</strong></span> 
     </span>
     <span class='ocr_line' id='line_1_15' title="bbox 342 1965 1946 2058; baseline -0.002 -26"><span class='ocrx_word' id='word_1_158' title='bbox 342 1968 495 2035; x_wconf 83' lang='lat' dir='ltr'><strong>Arcturus</strong></span> <span class='ocrx_word' id='word_1_159' title='bbox 523 1969 684 2056; x_wconf 77' lang='lat' dir='ltr'><strong>(usupra</strong></span> <span class='ocrx_word' id='word_1_160' title='bbox 710 1969 882 2036; x_wconf 86' lang='grc'>51051551.</span> <span class='ocrx_word' id='word_1_161' title='bbox 906 1969 983 2035; x_wconf 86' lang='lat' dir='ltr'>VIII</span> <span class='ocrx_word' id='word_1_162' title='bbox 1012 1969 1049 2034; x_wconf 91' lang='lat' dir='ltr'><strong>of.</strong></span> <span class='ocrx_word' id='word_1_163' title='bbox 1073 1970 1165 2054; x_wconf 90' lang='lat' dir='ltr'><strong>Oper.</strong></span> <span class='ocrx_word' id='word_1_164' title='bbox 1189 1970 1262 2036; x_wconf 89' lang='grc'>566.</span> <span class='ocrx_word' id='word_1_165' title='bbox 1286 1969 1375 2058; x_wconf 87' lang='grc'>610),</span> <span class='ocrx_word' id='word_1_166' title='bbox 1398 1969 1496 2034; x_wconf 89' lang='lat' dir='ltr'><strong>Orion</strong></span> <span class='ocrx_word' id='word_1_167' title='bbox 1520 1967 1607 2054; x_wconf 93' lang='grc'>(185.</span> <span class='ocrx_word' id='word_1_168' title='bbox 1633 1967 1696 2031; x_wconf 88' lang='grc'>186</span> <span class='ocrx_word' id='word_1_169' title='bbox 1720 1965 1879 2030; x_wconf 89' lang='lat' dir='ltr'><strong>Marhsch.</strong></span> <span class='ocrx_word' id='word_1_170' title='bbox 1945 1995 1946 2010; x_wconf 48' lang='lat'>¹</span> 
     </span>
     <span class='ocr_line' id='line_1_16' title="bbox 345 2073 1946 2163; baseline -0.004 -24"><span class='ocrx_word' id='word_1_171' title='bbox 345 2073 384 2139; x_wconf 92' lang='grc'>15</span> <span class='ocrx_word' id='word_1_172' title='bbox 408 2075 501 2142; x_wconf 87' lang='lat' dir='ltr'><strong>Kink.</strong></span> <span class='ocrx_word' id='word_1_173' title='bbox 529 2075 567 2142; x_wconf 90' lang='lat' dir='ltr'>cf.</span> <span class='ocrx_word' id='word_1_174' title='bbox 591 2075 682 2160; x_wconf 90' lang='lat' dir='ltr'><strong>Oper.</strong></span> <span class='ocrx_word' id='word_1_175' title='bbox 707 2075 781 2140; x_wconf 90' lang='grc'>598.</span> <span class='ocrx_word' id='word_1_176' title='bbox 805 2077 868 2142; x_wconf 87' lang='grc'>609</span> <span class='ocrx_word' id='word_1_177' title='bbox 897 2081 930 2141; x_wconf 89' lang='grc'>51</span> <span class='ocrx_word' id='word_1_178' title='bbox 957 2075 1097 2163; x_wconf 88' lang='grc'>555515).</span> <span class='ocrx_word' id='word_1_179' title='bbox 1131 2077 1266 2160; x_wconf 90' lang='grc'>1551555</span> <span class='ocrx_word' id='word_1_180' title='bbox 1293 2078 1346 2141; x_wconf 82' lang='lat' dir='ltr'>vix</span> <span class='ocrx_word' id='word_1_181' title='bbox 1372 2077 1563 2143; x_wconf 90' lang='lat' dir='ltr'><strong>monendum</strong></span> <span class='ocrx_word' id='word_1_182' title='bbox 1590 2081 1638 2140; x_wconf 91' lang='lat' dir='ltr'>est</span> <span class='ocrx_word' id='word_1_183' title='bbox 1665 2094 1729 2138; x_wconf 90' lang='lat' dir='ltr'>non</span> <span class='ocrx_word' id='word_1_184' title='bbox 1756 2079 1879 2137; x_wconf 88' lang='lat' dir='ltr'><strong>tantum</strong></span> <span class='ocrx_word' id='word_1_185' title='bbox 1945 2119 1946 2132; x_wconf 75' lang='lat'><strong>.</strong></span> 
     </span>
     <span class='ocr_line' id='line_1_17' title="bbox 340 2179 1881 2267; baseline 0 -21"><span class='ocrx_word' id='word_1_186' title='bbox 340 2181 456 2248; x_wconf 87' lang='lat' dir='ltr'><strong>fabulis</strong></span> <span class='ocrx_word' id='word_1_187' title='bbox 475 2184 508 2248; x_wconf 93' lang='lat' dir='ltr'>in</span> <span class='ocrx_word' id='word_1_188' title='bbox 525 2182 586 2248; x_wconf 88' lang='lat' dir='ltr'>hac</span> <span class='ocrx_word' id='word_1_189' title='bbox 603 2183 804 2248; x_wconf 69' lang='lat' dir='ltr'><strong>astronomia</strong></span> <span class='ocrx_word' id='word_1_190' title='bbox 822 2182 976 2247; x_wconf 87' lang='lat' dir='ltr'><strong>tributum</strong></span> <span class='ocrx_word' id='word_1_191' title='bbox 996 2182 1101 2262; x_wconf 89' lang='lat' dir='ltr'><strong>fuisse,</strong></span> <span class='ocrx_word' id='word_1_192' title='bbox 1123 2190 1277 2267; x_wconf 90' lang='lat' dir='ltr'><strong>quantum</strong></span> <span class='ocrx_word' id='word_1_193' title='bbox 1295 2185 1396 2250; x_wconf 88' lang='lat' dir='ltr'><strong>visum</strong></span> <span class='ocrx_word' id='word_1_194' title='bbox 1415 2190 1463 2250; x_wconf 87' lang='lat' dir='ltr'>est</span> <span class='ocrx_word' id='word_1_195' title='bbox 1481 2179 1734 2248; x_wconf 84' lang='lat' dir='ltr'><strong>Markscheffelio</strong></span> <span class='ocrx_word' id='word_1_196' title='bbox 1753 2201 1783 2264; x_wconf 89' lang='lat' dir='ltr'>p.</span> <span class='ocrx_word' id='word_1_197' title='bbox 1804 2179 1881 2246; x_wconf 84' lang='grc'>195;</span> 
     </span>
     <span class='ocr_line' id='line_1_18' title="bbox 341 2289 1879 2376; baseline -0.003 -20"><span class='ocrx_word' id='word_1_198' title='bbox 341 2292 397 2356; x_wconf 89' lang='grc'>551</span> <span class='ocrx_word' id='word_1_199' title='bbox 429 2291 469 2356; x_wconf 89' lang='grc'>15</span> <span class='ocrx_word' id='word_1_200' title='bbox 500 2296 573 2356; x_wconf 88' lang='lat' dir='ltr'><strong>ortu</strong></span> <span class='ocrx_word' id='word_1_201' title='bbox 603 2291 710 2374; x_wconf 88' lang='lat' dir='ltr'><strong>potius</strong></span> <span class='ocrx_word' id='word_1_202' title='bbox 742 2311 915 2374; x_wconf 88' lang='lat' dir='ltr'><strong>occasuque</strong></span> <span class='ocrx_word' id='word_1_203' title='bbox 947 2298 1131 2374; x_wconf 83' lang='lat' dir='ltr'><strong>paucorum,</strong></span> <span class='ocrx_word' id='word_1_204' title='bbox 1163 2291 1243 2376; x_wconf 86' lang='grc'>5555</span> <span class='ocrx_word' id='word_1_205' title='bbox 1274 2298 1342 2355; x_wconf 89' lang='grc'>155</span> <span class='ocrx_word' id='word_1_206' title='bbox 1369 2297 1446 2356; x_wconf 89' lang='grc'>5515</span> <span class='ocrx_word' id='word_1_207' title='bbox 1473 2295 1577 2368; x_wconf 91' lang='lat' dir='ltr'><strong>erant,</strong></span> <span class='ocrx_word' id='word_1_208' title='bbox 1608 2289 1749 2354; x_wconf 88' lang='lat' dir='ltr'><strong>siderum</strong></span> <span class='ocrx_word' id='word_1_209' title='bbox 1775 2292 1879 2352; x_wconf 88' lang='lat' dir='ltr'><strong>actum</strong></span> 
     </span>
     <span class='ocr_line' id='line_1_19' title="bbox 342 2395 1946 2481; baseline -0.004 -17"><span class='ocrx_word' id='word_1_210' title='bbox 342 2419 417 2464; x_wconf 89' lang='lat' dir='ltr'><strong>csse.</strong></span> <span class='ocrx_word' id='word_1_211' title='bbox 450 2399 624 2474; x_wconf 77' lang='grc'>1555555,</span> <span class='ocrx_word' id='word_1_212' title='bbox 652 2398 775 2481; x_wconf 85' lang='lat' dir='ltr'><strong>opinor,</strong></span> <span class='ocrx_word' id='word_1_213' title='bbox 804 2398 873 2462; x_wconf 90' lang='lat' dir='ltr'><strong>luce</strong></span> <span class='ocrx_word' id='word_1_214' title='bbox 896 2397 1011 2462; x_wconf 89' lang='lat' dir='ltr'><strong>clarius</strong></span> <span class='ocrx_word' id='word_1_215' title='bbox 1034 2396 1153 2464; x_wconf 90' lang='lat' dir='ltr'><strong>factum</strong></span> <span class='ocrx_word' id='word_1_216' title='bbox 1176 2403 1238 2476; x_wconf 90' lang='grc'>551,</span> <span class='ocrx_word' id='word_1_217' title='bbox 1266 2398 1433 2463; x_wconf 89' lang='grc'>1515155155</span> <span class='ocrx_word' id='word_1_218' title='bbox 1456 2397 1567 2462; x_wconf 88' lang='lat' dir='ltr'><strong>Phrixi</strong></span> <span class='ocrx_word' id='word_1_219' title='bbox 1593 2395 1772 2474; x_wconf 86' lang='lat' dir='ltr'><strong>historiam,</strong></span> <span class='ocrx_word' id='word_1_220' title='bbox 1800 2416 1880 2478; x_wconf 87' lang='grc'>5555</span> <span class='ocrx_word' id='word_1_221' title='bbox 1945 2399 1946 2408; x_wconf 77' lang='grc'>’</span> 
     </span>
     <span class='ocr_line' id='line_1_20' title="bbox 341 2504 1879 2583; baseline -0.001 -13"><span class='ocrx_word' id='word_1_222' title='bbox 341 2507 373 2570; x_wconf 93' lang='grc'>15</span> <span class='ocrx_word' id='word_1_223' title='bbox 397 2505 631 2570; x_wconf 79' lang='grc'>0515515515515</span> <span class='ocrx_word' id='word_1_224' title='bbox 654 2527 692 2570; x_wconf 89' lang='grc'>55</span> <span class='ocrx_word' id='word_1_225' title='bbox 714 2504 853 2571; x_wconf 88' lang='lat' dir='ltr'><strong>Hesiodo</strong></span> <span class='ocrx_word' id='word_1_226' title='bbox 876 2511 1032 2583; x_wconf 89' lang='lat' dir='ltr'><strong>narratur,</strong></span> <span class='ocrx_word' id='word_1_227' title='bbox 1055 2527 1076 2570; x_wconf 95' lang='grc'>5</span> <span class='ocrx_word' id='word_1_228' title='bbox 1094 2505 1346 2572; x_wconf 85' lang='lat' dir='ltr'><strong>Marhscheffelio</strong></span> <span class='ocrx_word' id='word_1_229' title='bbox 1370 2511 1402 2570; x_wconf 91' lang='lat' dir='ltr'>et</span> <span class='ocrx_word' id='word_1_230' title='bbox 1420 2505 1567 2570; x_wconf 87' lang='lat' dir='ltr'><strong>Kinhelio</strong></span> <span class='ocrx_word' id='word_1_231' title='bbox 1587 2504 1628 2569; x_wconf 87' lang='lat' dir='ltr'>ad</span> <span class='ocrx_word' id='word_1_232' title='bbox 1646 2504 1879 2569; x_wconf 86' lang='lat' dir='ltr'><strong>Astronomiam</strong></span> 
     </span>
     <span class='ocr_line' id='line_1_21' title="bbox 341 2610 1880 2706; baseline -0.004 -28"><span class='ocrx_word' id='word_1_233' title='bbox 341 2611 453 2706; x_wconf 75' lang='lat' dir='ltr'><strong>referri</strong></span> <span class='ocrx_word' id='word_1_234' title='bbox 478 2611 557 2699; x_wconf 88' lang='grc'>(183</span> <span class='ocrx_word' id='word_1_235' title='bbox 581 2611 737 2678; x_wconf 84' lang='lat' dir='ltr'><strong>Marksch.</strong></span> <span class='ocrx_word' id='word_1_236' title='bbox 764 2612 804 2676; x_wconf 88' lang='lat'>14</span> <span class='ocrx_word' id='word_1_237' title='bbox 828 2612 972 2698; x_wconf 88' lang='lat' dir='ltr'><strong>Kinhal);</strong></span> <span class='ocrx_word' id='word_1_238' title='bbox 1000 2612 1029 2677; x_wconf 92' lang='lat' dir='ltr'>ei</span> <span class='ocrx_word' id='word_1_239' title='bbox 1052 2612 1157 2695; x_wconf 89' lang='lat' dir='ltr'><strong>potius</strong></span> <span class='ocrx_word' id='word_1_240' title='bbox 1180 2615 1213 2676; x_wconf 91' lang='grc'>15</span> <span class='ocrx_word' id='word_1_241' title='bbox 1237 2612 1396 2696; x_wconf 87' lang='lat' dir='ltr'><strong>Catalogis</strong></span> <span class='ocrx_word' id='word_1_242' title='bbox 1419 2617 1476 2678; x_wconf 90' lang='grc'>551</span> <span class='ocrx_word' id='word_1_243' title='bbox 1497 2611 1591 2677; x_wconf 90' lang='grc' dir='ltr'>Ε5515</span> <span class='ocrx_word' id='word_1_244' title='bbox 1614 2631 1687 2676; x_wconf 91' lang='lat' dir='ltr'><strong>suus</strong></span> <span class='ocrx_word' id='word_1_245' title='bbox 1711 2610 1797 2676; x_wconf 87' lang='lat' dir='ltr'><strong>locus</strong></span> <span class='ocrx_word' id='word_1_246' title='bbox 1822 2614 1880 2682; x_wconf 90' lang='lat' dir='ltr'><strong>est;</strong></span> 
     </span>
     <span class='ocr_line' id='line_1_22' title="bbox 342 2717 1880 2803; baseline -0.003 -19"><span class='ocrx_word' id='word_1_247' title='bbox 342 2728 403 2803; x_wconf 87' lang='lat' dir='ltr'>ego</span> <span class='ocrx_word' id='word_1_248' title='bbox 428 2719 468 2784; x_wconf 89' lang='lat' dir='ltr'>ad</span> <span class='ocrx_word' id='word_1_249' title='bbox 493 2720 594 2785; x_wconf 89' lang='lat' dir='ltr'><strong>Eoeas</strong></span> <span class='ocrx_word' id='word_1_250' title='bbox 620 2719 740 2785; x_wconf 88' lang='lat' dir='ltr'><strong>referre</strong></span> <span class='ocrx_word' id='word_1_251' title='bbox 767 2719 864 2795; x_wconf 89' lang='lat' dir='ltr'><strong>malo,</strong></span> <span class='ocrx_word' id='word_1_252' title='bbox 891 2719 925 2782; x_wconf 96' lang='grc'>15</span> <span class='ocrx_word' id='word_1_253' title='bbox 954 2718 1067 2803; x_wconf 89' lang='lat' dir='ltr'><strong>quibus</strong></span> <span class='ocrx_word' id='word_1_254' title='bbox 1089 2718 1201 2784; x_wconf 89' lang='lat' dir='ltr'><strong>Phrixi</strong></span> <span class='ocrx_word' id='word_1_255' title='bbox 1229 2741 1279 2784; x_wconf 91' lang='lat' dir='ltr'>res</span> <span class='ocrx_word' id='word_1_256' title='bbox 1306 2719 1402 2784; x_wconf 88' lang='lat' dir='ltr'><strong>latius</strong></span> <span class='ocrx_word' id='word_1_257' title='bbox 1430 2721 1588 2802; x_wconf 86' lang='lat' dir='ltr'><strong>expositas</strong></span> <span class='ocrx_word' id='word_1_258' title='bbox 1616 2717 1774 2784; x_wconf 89' lang='grc'>15155555</span> <span class='ocrx_word' id='word_1_259' title='bbox 1798 2737 1880 2782; x_wconf 90' lang='lat' dir='ltr'><strong>com-</strong></span> 
     </span>
     <span class='ocr_line' id='line_1_23' title="bbox 341 2825 1881 2913; baseline -0.002 -22"><span class='ocrx_word' id='word_1_260' title='bbox 341 2827 483 2911; x_wconf 87' lang='lat' dir='ltr'><strong>pluribus</strong></span> <span class='ocrx_word' id='word_1_261' title='bbox 511 2827 696 2910; x_wconf 82' lang='lat' dir='ltr'><strong>fragmentis</strong></span> <span class='ocrx_word' id='word_1_262' title='bbox 725 2825 873 2891; x_wconf 89' lang='lat' dir='ltr'><strong>discimus</strong></span> <span class='ocrx_word' id='word_1_263' title='bbox 897 2825 985 2912; x_wconf 83' lang='lat'><strong>(160.</strong></span> <span class='ocrx_word' id='word_1_264' title='bbox 1011 2826 1083 2891; x_wconf 86' lang='grc'>161.</span> <span class='ocrx_word' id='word_1_265' title='bbox 1109 2826 1171 2890; x_wconf 92' lang='grc'>165</span> <span class='ocrx_word' id='word_1_266' title='bbox 1195 2826 1351 2892; x_wconf 85' lang='lat' dir='ltr'><strong>Marksch.</strong></span> <span class='ocrx_word' id='word_1_267' title='bbox 1378 2827 1449 2891; x_wconf 88' lang='grc'>162.</span> <span class='ocrx_word' id='word_1_268' title='bbox 1477 2827 1547 2891; x_wconf 87' lang='grc'>163.</span> <span class='ocrx_word' id='word_1_269' title='bbox 1574 2826 1635 2890; x_wconf 93' lang='grc'>167</span> <span class='ocrx_word' id='word_1_270' title='bbox 1659 2825 1777 2913; x_wconf 78' lang='lat' dir='ltr'><strong>Kish).</strong></span> <span class='ocrx_word' id='word_1_271' title='bbox 1825 2845 1881 2889; x_wconf 89' lang='lat' dir='ltr'>nec</span> 
     </span>
     <span class='ocr_line' id='line_1_24' title="bbox 341 2931 1879 3017; baseline -0.003 -19"><span class='ocrx_word' id='word_1_272' title='bbox 341 2935 445 2998; x_wconf 89' lang='lat' dir='ltr'><strong>minus</strong></span> <span class='ocrx_word' id='word_1_273' title='bbox 473 2932 552 2999; x_wconf 90' lang='lat' dir='ltr'><strong>falso</strong></span> <span class='ocrx_word' id='word_1_274' title='bbox 575 2933 782 3000; x_wconf 89' lang='lat' dir='ltr'><strong>Phaethontis</strong></span> <span class='ocrx_word' id='word_1_275' title='bbox 810 2932 986 3017; x_wconf 70' lang='grc'>15551559)</span> <span class='ocrx_word' id='word_1_276' title='bbox 1009 2955 1104 3015; x_wconf 87' lang='grc'>5555</span> <span class='ocrx_word' id='word_1_277' title='bbox 1128 2934 1331 3016; x_wconf 88' lang='lat' dir='ltr'><strong>integriorem</strong></span> <span class='ocrx_word' id='word_1_278' title='bbox 1354 2935 1387 2998; x_wconf 92' lang='grc'>15</span> <span class='ocrx_word' id='word_1_279' title='bbox 1410 2933 1574 3017; x_wconf 89' lang='lat' dir='ltr'><strong>Epimetro</strong></span> <span class='ocrx_word' id='word_1_280' title='bbox 1601 2931 1703 3017; x_wconf 92' lang='lat' dir='ltr'><strong>primo</strong></span> <span class='ocrx_word' id='word_1_281' title='bbox 1727 2955 1757 3015; x_wconf 89' lang='lat' dir='ltr'>p.</span> <span class='ocrx_word' id='word_1_282' title='bbox 1782 2932 1879 2996; x_wconf 89' lang='grc'>2145.</span> 
     </span>
     <span class='ocr_line' id='line_1_25' title="bbox 343 3038 1946 3128; baseline -0.004 -22"><span class='ocrx_word' id='word_1_283' title='bbox 343 3063 382 3106; x_wconf 91' lang='grc'>55</span> <span class='ocrx_word' id='word_1_284' title='bbox 409 3041 536 3106; x_wconf 85' lang='lat' dir='ltr'><strong>scholiis</strong></span> <span class='ocrx_word' id='word_1_285' title='bbox 564 3039 755 3128; x_wconf 72' lang='lat' dir='ltr'><strong>Stroznianis</strong></span> <span class='ocrx_word' id='word_1_286' title='bbox 782 3040 1023 3118; x_wconf 83' lang='lat' dir='ltr'><strong>enucleavimus,</strong></span> <span class='ocrx_word' id='word_1_287' title='bbox 1055 3041 1148 3125; x_wconf 87' lang='lat' dir='ltr'><strong>vulgo</strong></span> <span class='ocrx_word' id='word_1_288' title='bbox 1181 3042 1214 3105; x_wconf 93' lang='lat' dir='ltr'>in</span> <span class='ocrx_word' id='word_1_289' title='bbox 1241 3041 1443 3106; x_wconf 76' lang='grc'>1515555515</span> <span class='ocrx_word' id='word_1_290' title='bbox 1474 3040 1577 3106; x_wconf 90' lang='lat' dir='ltr'><strong>locum</strong></span> <span class='ocrx_word' id='word_1_291' title='bbox 1604 3039 1773 3123; x_wconf 86' lang='lat' dir='ltr'><strong>adsignant</strong></span> <span class='ocrx_word' id='word_1_292' title='bbox 1801 3038 1877 3125; x_wconf 86' lang='grc'>(181</span> <span class='ocrx_word' id='word_1_293' title='bbox 1945 3061 1946 3064; x_wconf 54' lang='grc'><strong>“</strong></span> 
     </span>
     <span class='ocr_line' id='line_1_26' title="bbox 342 3131 1946 3232; baseline -0.004 -18"><span class='ocrx_word' id='word_1_294' title='bbox 342 3147 498 3216; x_wconf 85' lang='lat' dir='ltr'><strong>Marksch.</strong></span> <span class='ocrx_word' id='word_1_295' title='bbox 524 3149 564 3214; x_wconf 92' lang='grc'>16</span> <span class='ocrx_word' id='word_1_296' title='bbox 588 3147 729 3230; x_wconf 86' lang='lat' dir='ltr'><strong>Kinkel),</strong></span> <span class='ocrx_word' id='word_1_297' title='bbox 756 3168 826 3212; x_wconf 90' lang='lat' dir='ltr'><strong>cum</strong></span> <span class='ocrx_word' id='word_1_298' title='bbox 849 3149 936 3213; x_wconf 88' lang='grc'>51155</span> <span class='ocrx_word' id='word_1_299' title='bbox 959 3148 1045 3231; x_wconf 89' lang='grc'>5551</span> <span class='ocrx_word' id='word_1_300' title='bbox 1067 3147 1225 3213; x_wconf 89' lang='lat' dir='ltr'><strong>Eridanus</strong></span> <span class='ocrx_word' id='word_1_301' title='bbox 1247 3151 1339 3213; x_wconf 87' lang='lat' dir='ltr'><strong>audit</strong></span> <span class='ocrx_word' id='word_1_302' title='bbox 1365 3153 1432 3213; x_wconf 87' lang='lat' dir='ltr'>tam</span> <span class='ocrx_word' id='word_1_303' title='bbox 1454 3149 1586 3232; x_wconf 90' lang='lat' dir='ltr'><strong>antiquo</strong></span> <span class='ocrx_word' id='word_1_304' title='bbox 1608 3153 1750 3230; x_wconf 89' lang='lat' dir='ltr'><strong>tempore</strong></span> <span class='ocrx_word' id='word_1_305' title='bbox 1773 3151 1878 3211; x_wconf 90' lang='lat' dir='ltr'><strong>notum</strong></span> <span class='ocrx_word' id='word_1_306' title='bbox 1945 3131 1946 3136; x_wconf 29' lang='lat'>¹</span> 
     </span>
     <span class='ocr_line' id='line_1_27' title="bbox 342 3249 1877 3340; baseline -0.002 -21"><span class='ocrx_word' id='word_1_307' title='bbox 342 3254 439 3320; x_wconf 90' lang='lat' dir='ltr'><strong>fuisso</strong></span> <span class='ocrx_word' id='word_1_308' title='bbox 461 3276 519 3320; x_wconf 91' lang='grc'>555</span> <span class='ocrx_word' id='word_1_309' title='bbox 540 3256 686 3321; x_wconf 86' lang='lat' dir='ltr'><strong>tradatur</strong></span> <span class='ocrx_word' id='word_1_310' title='bbox 709 3277 768 3320; x_wconf 92' lang='lat' dir='ltr'>nec</span> <span class='ocrx_word' id='word_1_311' title='bbox 789 3253 955 3338; x_wconf 87' lang='lat' dir='ltr'><strong>probabile</strong></span> <span class='ocrx_word' id='word_1_312' title='bbox 977 3256 1027 3321; x_wconf 92' lang='lat' dir='ltr'><strong>sit.</strong></span> <span class='ocrx_word' id='word_1_313' title='bbox 1073 3255 1181 3338; x_wconf 89' lang='grc'>115555</span> <span class='ocrx_word' id='word_1_314' title='bbox 1203 3255 1259 3321; x_wconf 89' lang='grc'>1115</span> <span class='ocrx_word' id='word_1_315' title='bbox 1282 3275 1405 3340; x_wconf 88' lang='grc'>555555</span> <span class='ocrx_word' id='word_1_316' title='bbox 1428 3261 1485 3320; x_wconf 89' lang='grc'>551</span> <span class='ocrx_word' id='word_1_317' title='bbox 1507 3256 1548 3320; x_wconf 88' lang='grc'>51</span> <span class='ocrx_word' id='word_1_318' title='bbox 1572 3253 1739 3338; x_wconf 85' lang='lat' dir='ltr'><strong>Catalogos</strong></span> <span class='ocrx_word' id='word_1_319' title='bbox 1762 3249 1877 3318; x_wconf 85' lang='lat' dir='ltr'><strong>autad</strong></span> 
     </span>
     <span class='ocr_line' id='line_1_28' title="bbox 343 3362 713 3428; baseline 0.005 -2"><span class='ocrx_word' id='word_1_320' title='bbox 343 3363 444 3428; x_wconf 85' lang='lat' dir='ltr'><strong>Eoeas</strong></span> <span class='ocrx_word' id='word_1_321' title='bbox 466 3362 634 3428; x_wconf 87' lang='lat' dir='ltr'><strong>referenda</strong></span> <span class='ocrx_word' id='word_1_322' title='bbox 657 3369 713 3428; x_wconf 88' lang='lat' dir='ltr'><strong>est.</strong></span> 
     </span>
    </p>

    <p class='ocr_par' dir='ltr' id='par_1_10' title="bbox 342 3465 1946 4303">
     <span class='ocr_line' id='line_1_29' title="bbox 431 3465 1876 3556; baseline -0.006 -21"><span class='ocrx_word' id='word_1_323' title='bbox 431 3471 533 3535; x_wconf 91' lang='lat' dir='ltr'><strong>Venio</strong></span> <span class='ocrx_word' id='word_1_324' title='bbox 556 3471 598 3536; x_wconf 90' lang='lat' dir='ltr'>ad</span> <span class='ocrx_word' id='word_1_325' title='bbox 620 3470 875 3556; x_wconf 84' lang='lat' dir='ltr'><strong>Musaeum,¹⁰)</strong></span> <span class='ocrx_word' id='word_1_326' title='bbox 900 3491 938 3534; x_wconf 89' lang='grc'>55</span> <span class='ocrx_word' id='word_1_327' title='bbox 961 3491 1024 3553; x_wconf 88' lang='grc'>555</span> <span class='ocrx_word' id='word_1_328' title='bbox 1047 3470 1128 3536; x_wconf 90' lang='lat' dir='ltr'><strong>duae</strong></span> <span class='ocrx_word' id='word_1_329' title='bbox 1150 3469 1302 3536; x_wconf 88' lang='lat' dir='ltr'><strong>historiae</strong></span> <span class='ocrx_word' id='word_1_330' title='bbox 1326 3471 1530 3553; x_wconf 87' lang='lat' dir='ltr'><strong>depromptae</strong></span> <span class='ocrx_word' id='word_1_331' title='bbox 1555 3473 1635 3546; x_wconf 82' lang='grc'>5551,</span> <span class='ocrx_word' id='word_1_332' title='bbox 1660 3467 1699 3533; x_wconf 89' lang='grc'>15</span> <span class='ocrx_word' id='word_1_333' title='bbox 1717 3465 1876 3552; x_wconf 81' lang='lat' dir='ltr'><strong>Hyadibus</strong></span> 
     </span>
     <span class='ocr_line' id='line_1_30' title="bbox 342 3573 1874 3663; baseline -0.005 -21"><span class='ocrx_word' id='word_1_334' title='bbox 342 3597 407 3642; x_wconf 89' lang='lat' dir='ltr'>una</span> <span class='ocrx_word' id='word_1_335' title='bbox 433 3576 508 3642; x_wconf 90' lang='lat' dir='ltr'>XIV</span> <span class='ocrx_word' id='word_1_336' title='bbox 541 3575 622 3662; x_wconf 86' lang='lat' dir='ltr'><strong>(Cat.</strong></span> <span class='ocrx_word' id='word_1_337' title='bbox 654 3575 765 3661; x_wconf 86' lang='lat' dir='ltr'><strong>fragm.</strong></span> <span class='ocrx_word' id='word_1_338' title='bbox 796 3577 967 3663; x_wconf 89' lang='grc'>110,11),</span> <span class='ocrx_word' id='word_1_339' title='bbox 998 3577 1100 3642; x_wconf 89' lang='lat' dir='ltr'><strong>altera</strong></span> <span class='ocrx_word' id='word_1_340' title='bbox 1132 3578 1171 3642; x_wconf 94' lang='lat' dir='ltr'>de</span> <span class='ocrx_word' id='word_1_341' title='bbox 1199 3577 1386 3642; x_wconf 83' lang='lat' dir='ltr'><strong>Amaltheae</strong></span> <span class='ocrx_word' id='word_1_342' title='bbox 1418 3597 1514 3661; x_wconf 90' lang='lat' dir='ltr'><strong>capra</strong></span> <span class='ocrx_word' id='word_1_343' title='bbox 1544 3575 1624 3641; x_wconf 86' lang='lat' dir='ltr'>XIII</span> <span class='ocrx_word' id='word_1_344' title='bbox 1656 3573 1738 3662; x_wconf 87' lang='grc'>(051.</span> <span class='ocrx_word' id='word_1_345' title='bbox 1771 3573 1874 3657; x_wconf 81' lang='lat' dir='ltr'><strong>fragm.</strong></span> 
     </span>
     <span class='ocr_line' id='line_1_31' title="bbox 342 3677 1876 3772; baseline -0.003 -24"><span class='ocrx_word' id='word_1_346' title='bbox 342 3707 372 3769; x_wconf 90' lang='lat' dir='ltr'>p.</span> <span class='ocrx_word' id='word_1_347' title='bbox 395 3684 601 3772; x_wconf 87' lang='lat'>100-103);</span> <span class='ocrx_word' id='word_1_348' title='bbox 619 3685 755 3767; x_wconf 88' lang='lat' dir='ltr'><strong>primum</strong></span> <span class='ocrx_word' id='word_1_349' title='bbox 773 3688 881 3749; x_wconf 89' lang='lat' dir='ltr'><strong>autem</strong></span> <span class='ocrx_word' id='word_1_350' title='bbox 899 3705 1011 3749; x_wconf 91' lang='lat' dir='ltr'><strong>moneo</strong></span> <span class='ocrx_word' id='word_1_351' title='bbox 1029 3685 1163 3748; x_wconf 88' lang='lat' dir='ltr'><strong>alteram</strong></span> <span class='ocrx_word' id='word_1_352' title='bbox 1181 3683 1322 3749; x_wconf 91' lang='lat' dir='ltr'><strong>fabulam</strong></span> <span class='ocrx_word' id='word_1_353' title='bbox 1339 3689 1440 3749; x_wconf 89' lang='lat' dir='ltr'><strong>totam</strong></span> <span class='ocrx_word' id='word_1_354' title='bbox 1458 3685 1502 3771; x_wconf 89' lang='lat' dir='ltr'><strong>(p.</strong></span> <span class='ocrx_word' id='word_1_355' title='bbox 1519 3685 1592 3760; x_wconf 94' lang='grc'>100,</span> <span class='ocrx_word' id='word_1_356' title='bbox 1611 3681 1653 3746; x_wconf 89' lang='grc'>23</span> <span class='ocrx_word' id='word_1_357' title='bbox 1669 3719 1709 3729; x_wconf 97' lang='grc'>-</span> <span class='ocrx_word' id='word_1_358' title='bbox 1724 3679 1797 3757; x_wconf 93' lang='grc'>102,</span> <span class='ocrx_word' id='word_1_359' title='bbox 1815 3677 1876 3764; x_wconf 79' lang='grc'>26),</span> 
     </span>
     <span class='ocr_line' id='line_1_32' title="bbox 342 3785 1875 3876; baseline -0.006 -20"><span class='ocrx_word' id='word_1_360' title='bbox 342 3813 406 3858; x_wconf 89' lang='grc'>555</span> <span class='ocrx_word' id='word_1_361' title='bbox 423 3791 561 3875; x_wconf 86' lang='lat' dir='ltr'><strong>priorem</strong></span> <span class='ocrx_word' id='word_1_362' title='bbox 585 3795 708 3856; x_wconf 88' lang='lat' dir='ltr'><strong>tantum</strong></span> <span class='ocrx_word' id='word_1_363' title='bbox 730 3791 798 3855; x_wconf 89' lang='lat' dir='ltr'><strong>eius</strong></span> <span class='ocrx_word' id='word_1_364' title='bbox 820 3797 952 3874; x_wconf 87' lang='lat' dir='ltr'><strong>partem,</strong></span> <span class='ocrx_word' id='word_1_365' title='bbox 975 3799 1012 3856; x_wconf 92' lang='lat' dir='ltr'><strong>ut</strong></span> <span class='ocrx_word' id='word_1_366' title='bbox 1033 3795 1225 3874; x_wconf 86' lang='lat' dir='ltr'><strong>putaverunt</strong></span> <span class='ocrx_word' id='word_1_367' title='bbox 1243 3791 1448 3876; x_wconf 86' lang='lat' dir='ltr'><strong>Koppiersius</strong></span> <span class='ocrx_word' id='word_1_368' title='bbox 1471 3791 1611 3876; x_wconf 85' lang='lat' dir='ltr'><strong>Heyuius</strong></span> <span class='ocrx_word' id='word_1_369' title='bbox 1629 3787 1795 3854; x_wconf 86' lang='lat' dir='ltr'><strong>Kinkelius</strong></span> <span class='ocrx_word' id='word_1_370' title='bbox 1818 3785 1875 3858; x_wconf 90' lang='lat' dir='ltr'><strong>alii,</strong></span> 
     </span>
     <span class='ocr_line' id='line_1_33' title="bbox 342 3895 1874 3988; baseline -0.005 -24"><span class='ocrx_word' id='word_1_371' title='bbox 342 3901 382 3964; x_wconf 87' lang='lat' dir='ltr'>ad</span> <span class='ocrx_word' id='word_1_372' title='bbox 412 3899 574 3964; x_wconf 88' lang='lat' dir='ltr'><strong>Musaeum</strong></span> <span class='ocrx_word' id='word_1_373' title='bbox 605 3897 804 3964; x_wconf 88' lang='lat' dir='ltr'><strong>referendam</strong></span> <span class='ocrx_word' id='word_1_374' title='bbox 836 3919 912 3988; x_wconf 83' lang='lat' dir='ltr'><strong>esse.</strong></span> <span class='ocrx_word' id='word_1_375' title='bbox 948 3919 1022 3963; x_wconf 92' lang='lat' dir='ltr'>nam</span> <span class='ocrx_word' id='word_1_376' title='bbox 1054 3905 1087 3963; x_wconf 90' lang='lat' dir='ltr'><strong>ot</strong></span> <span class='ocrx_word' id='word_1_377' title='bbox 1118 3897 1189 3964; x_wconf 87' lang='lat' dir='ltr'><strong>finis</strong></span> <span class='ocrx_word' id='word_1_378' title='bbox 1217 3897 1341 3964; x_wconf 89' lang='lat' dir='ltr'><strong>fabulae</strong></span> <span class='ocrx_word' id='word_1_379' title='bbox 1373 3921 1445 3964; x_wconf 88' lang='lat' dir='ltr'>omn</span> <span class='ocrx_word' id='word_1_380' title='bbox 1475 3896 1737 3983; x_wconf 89' lang='lat' dir='ltr'><strong>praecedentibus</strong></span> <span class='ocrx_word' id='word_1_381' title='bbox 1765 3895 1874 3980; x_wconf 88' lang='lat' dir='ltr'><strong>optime</strong></span> 
     </span>
     <span class='ocr_line' id='line_1_34' title="bbox 343 3993 1873 4090; baseline -0.004 -18"><span class='ocrx_word' id='word_1_382' title='bbox 343 4006 491 4072; x_wconf 86' lang='lat' dir='ltr'><strong>cohaeret</strong></span> <span class='ocrx_word' id='word_1_383' title='bbox 518 4011 550 4070; x_wconf 91' lang='grc'>51</span> <span class='ocrx_word' id='word_1_384' title='bbox 577 4005 610 4070; x_wconf 91' lang='grc'>15</span> <span class='ocrx_word' id='word_1_385' title='bbox 638 4005 706 4087; x_wconf 89' lang='grc'>1555</span> <span class='ocrx_word' id='word_1_386' title='bbox 733 4003 816 4069; x_wconf 91' lang='lat' dir='ltr'><strong>calce</strong></span> <span class='ocrx_word' id='word_1_387' title='bbox 843 4003 964 4070; x_wconf 89' lang='lat' dir='ltr'><strong>Musaei</strong></span> <span class='ocrx_word' id='word_1_388' title='bbox 991 4027 1099 4072; x_wconf 82' lang='lat' dir='ltr'><strong>vorsus</strong></span> <span class='ocrx_word' id='word_1_389' title='bbox 1126 4005 1294 4071; x_wconf 90' lang='lat' dir='ltr'><strong>frustulum</strong></span> <span class='ocrx_word' id='word_1_390' title='bbox 1318 4005 1396 4070; x_wconf 90' lang='grc'>11151</span> <span class='ocrx_word' id='word_1_391' title='bbox 1422 4003 1566 4090; x_wconf 76' lang='grc' dir='ltr'><strong><em>αἰγίοχος</em></strong></span> <span class='ocrx_word' id='word_1_392' title='bbox 1589 3998 1802 4090; x_wconf 79' lang='grc' dir='ltr'><em>κικλήσκεται</em></span> <span class='ocrx_word' id='word_1_393' title='bbox 1824 3993 1873 4065; x_wconf 75' lang='grc' dir='ltr'>ἄν·</span> 
     </span>
     <span class='ocr_line' id='line_1_35' title="bbox 343 4108 1874 4198; baseline -0.005 -19"><span class='ocrx_word' id='word_1_394' title='bbox 343 4108 537 4198; x_wconf 75' lang='grc' dir='ltr'><em>θρώποισιν</em></span> <span class='ocrx_word' id='word_1_395' title='bbox 564 4117 722 4178; x_wconf 87' lang='lat' dir='ltr'><strong>servatum</strong></span> <span class='ocrx_word' id='word_1_396' title='bbox 749 4116 810 4188; x_wconf 90' lang='lat' dir='ltr'><strong>est,</strong></span> <span class='ocrx_word' id='word_1_397' title='bbox 837 4113 922 4195; x_wconf 89' lang='lat' dir='ltr'><strong>quod</strong></span> <span class='ocrx_word' id='word_1_398' title='bbox 950 4114 1033 4178; x_wconf 90' lang='lat' dir='ltr'><strong>inter</strong></span> <span class='ocrx_word' id='word_1_399' title='bbox 1061 4113 1239 4196; x_wconf 87' lang='lat' dir='ltr'><strong>fragmenta</strong></span> <span class='ocrx_word' id='word_1_400' title='bbox 1266 4113 1404 4197; x_wconf 89' lang='lat' dir='ltr'><strong>recipere</strong></span> <span class='ocrx_word' id='word_1_401' title='bbox 1432 4134 1539 4179; x_wconf 88' lang='lat' dir='ltr'><strong>omnes</strong></span> <span class='ocrx_word' id='word_1_402' title='bbox 1566 4111 1783 4195; x_wconf 86' lang='lat' dir='ltr'><strong>neglexerunt.</strong></span> <span class='ocrx_word' id='word_1_403' title='bbox 1825 4126 1874 4172; x_wconf 90' lang='lat' dir='ltr'>nec</span> 
     </span>
     <span class='ocr_line' id='line_1_36' title="bbox 343 4215 1873 4303; baseline -0.004 -20"><span class='ocrx_word' id='word_1_404' title='bbox 343 4219 536 4296; x_wconf 88' lang='lat' dir='ltr'><strong>Lactantius,</strong></span> <span class='ocrx_word' id='word_1_405' title='bbox 559 4220 612 4302; x_wconf 92' lang='lat' dir='ltr'>qui</span> <span class='ocrx_word' id='word_1_406' title='bbox 635 4218 710 4283; x_wconf 92' lang='grc'>121</span> <span class='ocrx_word' id='word_1_407' title='bbox 736 4218 818 4284; x_wconf 92' lang='lat' dir='ltr'><strong>hanc</strong></span> <span class='ocrx_word' id='word_1_408' title='bbox 841 4219 981 4286; x_wconf 90' lang='lat' dir='ltr'><strong>fabulam</strong></span> <span class='ocrx_word' id='word_1_409' title='bbox 1004 4241 1043 4286; x_wconf 88' lang='lat' dir='ltr'>ex</span> <span class='ocrx_word' id='word_1_410' title='bbox 1066 4219 1193 4285; x_wconf 89' lang='lat' dir='ltr'><strong>scholiis</strong></span> <span class='ocrx_word' id='word_1_411' title='bbox 1216 4220 1250 4284; x_wconf 90' lang='grc'>15</span> <span class='ocrx_word' id='word_1_412' title='bbox 1274 4219 1495 4286; x_wconf 87' lang='lat' dir='ltr'><strong>Germanicum</strong></span> <span class='ocrx_word' id='word_1_413' title='bbox 1519 4219 1693 4303; x_wconf 86' lang='lat' dir='ltr'><strong>exscripsit,</strong></span> <span class='ocrx_word' id='word_1_414' title='bbox 1716 4215 1873 4288; x_wconf 78' lang='lat' dir='ltr'><strong>dubitavit,</strong></span> 
     </span>
    </p>
   </div>
   <div class='ocr_carea' id='block_1_10' title="bbox 344 4325 1873 4411">
    <p class='ocr_par' dir='ltr' id='par_1_11' title="bbox 344 4325 1873 4411">
     <span class='ocr_line' id='line_1_37' title="bbox 344 4325 1873 4411; baseline -0.003 -21"><span class='ocrx_word' id='word_1_415' title='bbox 344 4327 420 4411; x_wconf 90' lang='lat' dir='ltr'><strong>quin</strong></span> <span class='ocrx_word' id='word_1_416' title='bbox 446 4333 557 4392; x_wconf 87' lang='grc'>15155</span> <span class='ocrx_word' id='word_1_417' title='bbox 580 4325 708 4390; x_wconf 87' lang='lat' dir='ltr'><strong>Musaeo</strong></span> <span class='ocrx_word' id='word_1_418' title='bbox 735 4326 877 4409; x_wconf 88' lang='lat' dir='ltr'><strong>profecta</strong></span> <span class='ocrx_word' id='word_1_419' title='bbox 904 4333 998 4403; x_wconf 81' lang='lat' dir='ltr'><strong>esset3</strong></span> <span class='ocrx_word' id='word_1_420' title='bbox 1031 4327 1119 4402; x_wconf 83' lang='lat' dir='ltr'><strong>cuius</strong></span> <span class='ocrx_word' id='word_1_421' title='bbox 1150 4326 1248 4393; x_wconf 87' lang='lat' dir='ltr'><strong>verba</strong></span> <span class='ocrx_word' id='word_1_422' title='bbox 1274 4327 1438 4392; x_wconf 86' lang='lat' dir='ltr'><strong>Kinhelius</strong></span> <span class='ocrx_word' id='word_1_423' title='bbox 1465 4346 1528 4390; x_wconf 88' lang='lat' dir='ltr'>non</span> <span class='ocrx_word' id='word_1_424' title='bbox 1556 4325 1695 4391; x_wconf 85' lang='lat' dir='ltr'><strong>debebat</strong></span> <span class='ocrx_word' id='word_1_425' title='bbox 1720 4331 1873 4408; x_wconf 88' lang='grc'>1555555</span> 
     </span>
    </p>
   </div>
   <div class='ocr_carea' id='block_1_11' title="bbox 343 4429 1872 4520">
    <p class='ocr_par' dir='ltr' id='par_1_12' title="bbox 343 4429 1872 4520">
     <span class='ocr_line' id='line_1_38' title="bbox 343 4429 1872 4520; baseline -0.004 -22"><span class='ocrx_word' id='word_1_426' title='bbox 343 4433 692 4516; x_wconf 81' lang='lat' dir='ltr'><strong>novumfragmentum</strong></span> <span class='ocrx_word' id='word_1_427' title='bbox 714 4433 861 4517; x_wconf 88' lang='lat' dir='ltr'><strong>adlegare</strong></span> <span class='ocrx_word' id='word_1_428' title='bbox 885 4434 972 4520; x_wconf 91' lang='grc'>(17),</span> <span class='ocrx_word' id='word_1_429' title='bbox 999 4434 1055 4499; x_wconf 88' lang='grc'>551</span> <span class='ocrx_word' id='word_1_430' title='bbox 1077 4435 1183 4519; x_wconf 91' lang='lat' dir='ltr'><strong>potius</strong></span> <span class='ocrx_word' id='word_1_431' title='bbox 1206 4455 1362 4500; x_wconf 92' lang='lat' dir='ltr'><strong>unacum</strong></span> <span class='ocrx_word' id='word_1_432' title='bbox 1385 4433 1605 4500; x_wconf 84' lang='lat' dir='ltr'><strong>Eratosthenis</strong></span> <span class='ocrx_word' id='word_1_433' title='bbox 1628 4432 1808 4498; x_wconf 88' lang='lat' dir='ltr'><strong>narratione</strong></span> <span class='ocrx_word' id='word_1_434' title='bbox 1830 4429 1872 4512; x_wconf 90' lang='grc'>(7)</span> 
     </span>
    </p>
   </div>
   <div class='ocr_carea' id='block_1_12' title="bbox 345 4615 1871 4877">
    <p class='ocr_par' dir='ltr' id='par_1_13' title="bbox 345 4615 1871 4877">
     <span class='ocr_line' id='line_1_39' title="bbox 433 4615 1871 4700; baseline -0.004 -18"><span class='ocrx_word' id='word_1_435' title='bbox 433 4630 453 4694; x_wconf 78' lang='lat'>⁸)</span> <span class='ocrx_word' id='word_1_436' title='bbox 473 4629 515 4682; x_wconf 85' lang='lat' dir='ltr'>Ex</span> <span class='ocrx_word' id='word_1_437' title='bbox 535 4628 575 4683; x_wconf 87' lang='lat' dir='ltr'>eis</span> <span class='ocrx_word' id='word_1_438' title='bbox 594 4627 679 4698; x_wconf 88' lang='lat' dir='ltr'><strong>igitur</strong></span> <span class='ocrx_word' id='word_1_439' title='bbox 697 4633 778 4694; x_wconf 88' lang='lat' dir='ltr'><strong>esset,</strong></span> <span class='ocrx_word' id='word_1_440' title='bbox 799 4645 869 4698; x_wconf 85' lang='grc'>5555</span> <span class='ocrx_word' id='word_1_441' title='bbox 888 4628 1037 4684; x_wconf 86' lang='lat' dir='ltr'><strong>Pausanias</strong></span> <span class='ocrx_word' id='word_1_442' title='bbox 1056 4630 1098 4684; x_wconf 85' lang='lat' dir='ltr'>IX</span> <span class='ocrx_word' id='word_1_443' title='bbox 1110 4630 1180 4697; x_wconf 82' lang='lat'><strong>31,4</strong></span> <span class='ocrx_word' id='word_1_444' title='bbox 1200 4627 1338 4699; x_wconf 82' lang='lat' dir='ltr'><strong>significat</strong></span> <span class='ocrx_word' id='word_1_445' title='bbox 1357 4631 1405 4684; x_wconf 83' lang='grc' dir='ltr'>καὶ</span> <span class='ocrx_word' id='word_1_446' title='bbox 1424 4615 1479 4684; x_wconf 73' lang='grc' dir='ltr'>ὅσα</span> <span class='ocrx_word' id='word_1_447' title='bbox 1498 4625 1544 4684; x_wconf 73' lang='grc' dir='ltr'>ἐπὶ</span> <span class='ocrx_word' id='word_1_448' title='bbox 1561 4621 1669 4700; x_wconf 78' lang='grc' dir='ltr'><em>Ἔργοις</em></span> <span class='ocrx_word' id='word_1_449' title='bbox 1687 4645 1718 4683; x_wconf 81' lang='grc' dir='ltr'>τε</span> <span class='ocrx_word' id='word_1_450' title='bbox 1737 4617 1871 4693; x_wconf 73' lang='grc' dir='ltr'>55111μέ·</span> 
     </span>
     <span class='ocr_line' id='line_1_40' title="bbox 345 4713 1678 4789; baseline 0.002 -19"><span class='ocrx_word' id='word_1_451' title='bbox 345 4735 414 4788; x_wconf 82' lang='grc' dir='ltr'>ραις.</span> <span class='ocrx_word' id='word_1_452' title='bbox 443 4717 538 4772; x_wconf 85' lang='grc'>55155</span> <span class='ocrx_word' id='word_1_453' title='bbox 556 4713 806 4789; x_wconf 69' lang='grc' dir='ltr'><em>Ὀρνιθομανιείαν</em></span> <span class='ocrx_word' id='word_1_454' title='bbox 824 4717 964 4788; x_wconf 88' lang='lat' dir='ltr'><strong>pertiuere</strong></span> <span class='ocrx_word' id='word_1_455' title='bbox 983 4719 1087 4775; x_wconf 87' lang='lat' dir='ltr'><strong>Proclis</strong></span> <span class='ocrx_word' id='word_1_456' title='bbox 1106 4718 1263 4775; x_wconf 87' lang='lat' dir='ltr'><strong>testimonio</strong></span> <span class='ocrx_word' id='word_1_457' title='bbox 1282 4720 1318 4775; x_wconf 83' lang='lat' dir='ltr'>ad</span> <span class='ocrx_word' id='word_1_458' title='bbox 1332 4719 1402 4774; x_wconf 79' lang='lat' dir='ltr'><strong>Hes.</strong></span> <span class='ocrx_word' id='word_1_459' title='bbox 1421 4718 1471 4788; x_wconf 92' lang='lat' dir='ltr'><strong>Op.</strong></span> <span class='ocrx_word' id='word_1_460' title='bbox 1492 4721 1544 4774; x_wconf 85' lang='grc'>826</span> <span class='ocrx_word' id='word_1_461' title='bbox 1563 4723 1678 4774; x_wconf 85' lang='lat' dir='ltr'><strong>cunstat.</strong></span> 
     </span>
     <span class='ocr_line' id='line_1_41' title="bbox 434 4807 1802 4877; baseline -0.003 -13"><span class='ocrx_word' id='word_1_462' title='bbox 434 4807 455 4864; x_wconf 67' lang='lat'>⁹)</span> <span class='ocrx_word' id='word_1_463' title='bbox 475 4807 527 4862; x_wconf 92' lang='lat' dir='ltr'><strong>Hic</strong></span> <span class='ocrx_word' id='word_1_464' title='bbox 546 4825 654 4877; x_wconf 90' lang='grc'>555555</span> <span class='ocrx_word' id='word_1_465' title='bbox 672 4807 895 4863; x_wconf 84' lang='lat' dir='ltr'><strong>Marhacheffelii</strong></span> <span class='ocrx_word' id='word_1_466' title='bbox 913 4807 1045 4863; x_wconf 89' lang='lat' dir='ltr'><strong>iudicium</strong></span> <span class='ocrx_word' id='word_1_467' title='bbox 1065 4809 1230 4865; x_wconf 87' lang='lat' dir='ltr'><strong>scholiorum</strong></span> <span class='ocrx_word' id='word_1_468' title='bbox 1249 4807 1467 4864; x_wconf 86' lang='lat' dir='ltr'><strong>Stronzianorum</strong></span> <span class='ocrx_word' id='word_1_469' title='bbox 1486 4808 1577 4863; x_wconf 86' lang='lat' dir='ltr'><strong>verbis</strong></span> <span class='ocrx_word' id='word_1_470' title='bbox 1595 4807 1734 4862; x_wconf 86' lang='lat' dir='ltr'><strong>turbatam</strong></span> <span class='ocrx_word' id='word_1_471' title='bbox 1753 4811 1802 4862; x_wconf 87' lang='lat' dir='ltr'><strong>est.</strong></span> 
     </span>
    </p>
   </div>
   <div class='ocr_carea' id='block_1_13' title="bbox 344 4895 1866 5056">
    <p class='ocr_par' dir='ltr' id='par_1_14' title="bbox 344 4895 1866 5056">
     <span class='ocr_line' id='line_1_42' title="bbox 422 4895 1866 4968; baseline -0.004 -16"><span class='ocrx_word' id='word_1_472' title='bbox 422 4899 452 4965; x_wconf 75' lang='lat'>¹⁰)</span> <span class='ocrx_word' id='word_1_473' title='bbox 473 4897 581 4952; x_wconf 87' lang='lat' dir='ltr'><strong>Musaei</strong></span> <span class='ocrx_word' id='word_1_474' title='bbox 599 4897 754 4968; x_wconf 85' lang='lat' dir='ltr'><strong>fragmenta</strong></span> <span class='ocrx_word' id='word_1_475' title='bbox 772 4903 968 4966; x_wconf 85' lang='lat' dir='ltr'><strong>congesserunt</strong></span> <span class='ocrx_word' id='word_1_476' title='bbox 986 4899 1093 4954; x_wconf 76' lang='lat' dir='ltr'><strong>Passus</strong></span> <span class='ocrx_word' id='word_1_477' title='bbox 1108 4899 1237 4954; x_wconf 86' lang='lat' dir='ltr'><strong>Musaeus</strong></span> <span class='ocrx_word' id='word_1_478' title='bbox 1256 4915 1283 4967; x_wconf 85' lang='lat' dir='ltr'><strong>p.</strong></span> <span class='ocrx_word' id='word_1_479' title='bbox 1298 4899 1412 4966; x_wconf 86' lang='lat'>60—88‚</span> <span class='ocrx_word' id='word_1_480' title='bbox 1440 4897 1543 4953; x_wconf 85' lang='lat' dir='ltr'><strong>Kirkel</strong></span> <span class='ocrx_word' id='word_1_481' title='bbox 1561 4897 1707 4967; x_wconf 81' lang='lat' dir='ltr'><strong>Epicurum</strong></span> <span class='ocrx_word' id='word_1_482' title='bbox 1726 4895 1866 4966; x_wconf 80' lang='lat' dir='ltr'><strong>fragmenta</strong></span> 
     </span>
     <span class='ocr_line' id='line_1_43' title="bbox 344 4987 558 5056; baseline 0.014 -16"><span class='ocrx_word' id='word_1_483' title='bbox 344 5001 371 5056; x_wconf 88' lang='grc'>5.</span> <span class='ocrx_word' id='word_1_484' title='bbox 391 4987 443 5042; x_wconf 72' lang='grc'>218</span> <span class='ocrx_word' id='word_1_485' title='bbox 454 5017 486 5026; x_wconf 94' lang='lat'>-—</span> <span class='ocrx_word' id='word_1_486' title='bbox 497 4989 558 5043; x_wconf 84' lang='grc'>230.</span> 
     </span>
    </p>
   </div>
   <div class='ocr_carea' id='block_1_14' title="bbox 0 0 1969 5806">
    <p class='ocr_par' dir='ltr' id='par_1_15' title="bbox 0 0 1969 5806">
     <span class='ocr_line' id='line_1_44' title="bbox 0 0 1969 5806; baseline 0 0"><span class='ocrx_word' id='word_1_487' title='bbox 0 0 1969 5806; x_wconf 95' lang='lat' dir='ltr'> </span> 
     </span>
    </p>
   </div>
  </div>
 </body>
</html>
