3956 5792
340 431 402 496 170
587 431 725 485 Emona.

382 608 477 673 δοκεῖ
506 601 548 674 τά
575 611 690 696 θηρία·
721 604 909 697 άναχίήναι
937 612 973 676 δὲ
1036 612 1174 665 omittunt·

382 707 487 781 αὐτὸν
519 716 564 794 είς
595 708 638 780 τὰ
665 709 771 802 ἄστρα
798 709 884 782 κατὰ
910 709 972 804 τήν

381 829 443 888 τοῦ
461 816 615 908 Ὠρίωνος
629 816 815 909 άναγωγήν,
825 825 882 888 καί
895 819 972 890 τού-

382 953 443 996 του
475 927 616 1008 εἰκότως
641 927 820 1015 γεγονότος
851 923 905 997 διά
931 923 972 996 τὸ

354 1037 483 1125 ὀμήδὲν
507 1030 702 1103 ἀπολείπειν
720 1045 792 1103 τῶν
811 1042 971 1126 συμβεβη-

382 1140 495 1211 κότων
518 1137 655 1231 Ὠρίωνι.

340 1588 373 1638 10
421 1570 503 1659 Ἔχει
533 1577 568 1642 δὲ
592 1569 732 1663 άστέρας
755 1577 810 1642 ἐπί
831 1579 893 1662 μὲν
916 1587 973 1665 τῆς

382 1688 529 1771 κεφαλῆς
561 1680 621 1770 (α’,
652 1675 690 1762 ὃς
711 1679 787 1762 Ἴσις
818 1684 972 1770 λέγεται,)

383 1791 436 1856 sat
455 1799 513 1877 τῆς
530 1787 680 1878 γλώσσης
699 1787 744 1872 α’,
763 1783 804 1857 ὃν
821 1795 878 1857 καί
897 1795 972 1857 Σεί-

381 1921 456 1983 ριον
478 1903 630 1963 καλοῦσι’
655 1897 755 1983 μέγας
774 1891 808 1964 δ’
828 1897 897 1964 ἐστὶ
916 1901 972 1963 καὶ

382 2001 543 2090 λαμπρός
592 1997 670 2082 τοὺς
717 2005 752 2070 δὲ
798 2003 973 2082 τοιούτους

342 2121 372 2176 15
382 2104 523 2197 άστέρας
546 2110 578 2178 οί
600 2104 800 2198 ἀστρολόγοι
817 2114 973 2196 Σειρίους

382 2222 522 2284 καλοῦσι
564 2211 617 2284 διὰ
657 2211 720 2305 τήν
757 2226 814 2305 τῆς
848 2209 973 2302 φλογὸς

382 2326 525 2412 κίνησιν·
552 2324 620 2410 (ἐπί
644 2334 707 2391 τοῦ
729 2320 894 2411 τραχήλου
912 2319 972 2410 β’,)

382 2424 435 2515 ἐφ’
459 2427 618 2518 ἑκατέρου
641 2427 736 2518 ὤμου
755 2428 789 2498 α’
809 2425 971 2516 ἀμαυρόν,

382 2538 439 2605 ἐπί
456 2535 604 2626 στήθους
622 2531 666 2620 β’,
690 2531 742 2605 ἐπ’
761 2538 971 2624 ἐμπροσθίου

337 2656 372 2710 20
382 2639 488 2724 ποδὸς
515 2643 559 2732 γ’,
586 2645 657 2726 (ἐπί
683 2653 742 2733 τῆς
767 2642 893 2732 ῥάχεως
914 2641 972 2732 γ’,)

382 2753 438 2819 ἐπὶ
460 2755 588 2831 κοιλίας
609 2749 654 2834 β’,
683 2751 738 2818 ἐπί
760 2760 823 2818 τοῦ
846 2745 972 2838 άριστε-

381 2868 444 2946 ροῦ
468 2859 574 2944 ἰσχίου
598 2856 643 2941 α’,
667 2852 719 2925 ἐπ’
741 2853 848 2946 άκρου
867 2851 973 2937 ποδὸς

383 2964 428 3048 α’,
465 2965 520 3032 ἐπὶ
558 2967 667 3047 δεξιοῦ
698 2957 804 3044 ποδὸς
836 2962 882 3047 a',
919 2966 974 3033 tat

382 3073 506 3160 κέρκου
530 3069 576 3138 α’“
603 3065 683 3150 τούς
704 3068 833 3150 πάντας
856 3069 900 3138 κ’.

373 3357 398 3397 11
418 3335 448 3395 a'
469 3372 502 3379 -
522 3337 635 3410 λέγεται
655 3339 720 3394 aaa.
740 3339 844 3394 Fettns.
882 3357 906 3395 ιι
926 3337 972 3394 ἐπί

305 3497 307 3500 ¹
339 3435 388 3484 τοῦ
403 3425 543 3500 τραχήλου
552 3425 582 3500 β’
599 3428 700 3482 addidi
708 3428 777 3482 eant.
788 3429 867 3485 sehet.
881 3430 971 3485 Germ.

338 3517 366 3573 S.
423 3537 447 3574 ιε
467 3513 512 3587 ἐφ’
532 3513 670 3589 ἑκατέρου
690 3510 769 3584 ὤμου
787 3519 900 3586 scripsi:
927 3515 972 3588 ἐφ’

339 3602 467 3679 ἑκατέρῳ
487 3599 556 3678 ὤμῳ
574 3606 644 3660 latri.
682 3613 799 3660 aeteram
817 3609 848 3661 in
865 3607 974 3677 Hygini

339 3697 460 3764 exempto
479 3690 564 3750 ω’τίου
582 3696 702 3749 extitisse
720 3695 836 3750 videtur.
882 3713 908 3751 sa
927 3693 973 3751 ἐπί

339 3789 387 3854 τῆς
405 3779 515 3856 ῥάχεως
534 3779 563 3855 γ’
589 3783 691 3838 addidi
709 3791 861 3852 praeeunte
885 3785 972 3854 Fato,

340 3873 389 3939 qai
402 3879 468 3942 post
492 3869 538 3928 ἐπί
561 3867 685 3942 στήθους
707 3868 737 3945 β’
762 3874 865 3928 addere
887 3875 973 3928 aalnit

340 3959 386 4017 ἐπὶ
406 3967 454 4031 τῆς
472 3957 582 4034 ῥάχεως
598 3957 638 4034 β’.
674 3980 700 4018 ει
719 3958 763 4016 ἐπ’
783 3956 872 4033 άκρον
887 3957 973 4026 ποδὸς

339 4052 450 4120 serensi:
474 4047 518 4106 ἐπ’
537 4043 618 4124 άκρίγ
637 4053 701 4106 ποδί
720 4051 789 4106 tritri.
896 4067 922 4107 ιι
941 4046 971 4106 α’

340 4141 562 4195 Setiaabactriae:
589 4135 615 4194 δ’
645 4140 719 4210 trini,
753 4139 829 4208 qaod
851 4141 973 4211 ίιςιτοιιί

339 4231 419 4283 setrai.
432 4230 522 4284 Germ.
533 4230 588 4282 BP
599 4236 625 4284 et
633 4229 771 4300 Ηγςίιιιιε.
822 4225 852 4283 κ’
864 4230 973 4284 Fetlns:

340 4314 380 4390 ιγ’
399 4320 469 4373 libri.

1000 433 1099 487 Senon.
1120 435 1209 487 Am.

1330 435 1429 488 Senon.
1445 435 1536 488 Gsna.
1556 437 1608 489 BP.
1628 453 1655 504 p.
1674 437 1717 502 95,
1742 437 1786 489 10.

1281 1575 1344 1641 Sed
1370 1575 1464 1641 canis
1495 1576 1593 1642 habet
1625 1578 1732 1643 stellas
1763 1577 1838 1642 XX.
1855 1588 1888 1639 ιο

1238 1705 1317 1768 quas
1344 1688 1452 1748 autem
1478 1691 1526 1749 ast
1553 1684 1645 1749 stella
1669 1685 1701 1749 in
1725 1687 1839 1768 capite

1237 1791 1304 1856 eius
1331 1789 1390 1854 Isis
1419 1791 1549 1869 dicitur,
1576 1813 1670 1874 quam
1699 1791 1839 1876 quidam

1237 1895 1353 1962 Sirium
1380 1897 1490 1962 dicunt
1512 1897 1552 1962 ab
1576 1899 1698 1963 ardore.
1730 1898 1840 1963 habet

1238 2005 1360 2069 stellam
1387 2004 1420 2068 in
1447 2004 1554 2088 lingua
1581 2005 1608 2082 1,
1641 2026 1735 2090 quam
1770 2005 1837 2070 Ca-

1237 2111 1374 2177 niculam
1396 2111 1602 2194 adpellamus,
1634 2113 1766 2190 alaram,
1802 2115 1837 2176 in
1850 2123 1885 2174 15

1175 2256 1177 2269 ι
1236 2219 1331 2282 armis
1342 2217 1473 2302 singulis
1483 2217 1837 2302 singulasobsam·as‚in

1237 2329 1364 2406 pectore
1374 2326 1461 2402 duas,
1475 2326 1507 2390 in
1519 2327 1599 2410 pede
1608 2326 1713 2409 priore
1723 2325 1784 2404 III,
1800 2329 1837 2390 in

1236 2435 1344 2495 ventre
1358 2431 1398 2509 Π,
1416 2434 1450 2497 in
1468 2433 1595 2498 sinistro
1614 2432 1731 2498 femore
1750 2433 1779 2511 I,
1799 2435 1834 2498 in

1235 2542 1374 2603 extremo
1388 2539 1467 2622 pede
1480 2540 1596 2606 claram
1610 2540 1634 2617 I,
1653 2540 1700 2624 (in
1714 2541 1834 2606 dextro

1233 2647 1314 2732 pade
1332 2646 1362 2733 I)
1381 2647 1413 2710 in
1432 2649 1532 2713 cauda
1553 2647 1628 2725 1111,
1650 2647 1732 2713 fiunt
1754 2647 1827 2714 XX.
1843 2657 1879 2712 20

1272 3359 1297 3398 ιο
1316 3342 1370 3396 Sed
1393 3341 1474 3396 Oanis
1502 3341 1586 3396 habet
1614 3349 1647 3396 st.
1672 3343 1731 3396 XX.
1760 3345 1877 3410 scripsi:

1237 3429 1322 3484 habet
1340 3430 1436 3483 stellas
1456 3429 1515 3484 XX.
1538 3431 1587 3484 sed
1605 3430 1687 3486 Oanis
1707 3431 1792 3486 habet
1811 3431 1874 3484 BP.

1237 3518 1318 3574 Oanis
1337 3518 1422 3572 habet
1439 3518 1535 3573 stellas
1554 3520 1607 3572 XX
1625 3525 1650 3590 β.
1688 3537 1713 3574 11
1733 3535 1805 3588 quse
1825 3536 1874 3574 su-

1237 3615 1292 3661 tem
1308 3613 1395 3661 est-
1413 3608 1509 3662 ardore
1524 3608 1578 3662 trae
1591 3610 1724 3664 revocavi.
1753 3610 1784 3662 in
1796 3609 1875 3663 trinis

1232 3705 1298 3764 post
1315 3695 1382 3750 oriri
1399 3695 1628 3751 ferventissimum
1653 3699 1693 3761 (in
1712 3698 1786 3750 cates
1804 3698 1873 3750 Am-

1233 3785 1328 3854 phidis
1346 3785 1530 3846 narrationis)
1548 3787 1685 3855 traantwr.
1798 3803 1825 3841 so
1844 3785 1872 3838 in

1237 3875 1335 3929 dextro
1359 3874 1430 3943 pede
1454 3875 1466 3928 1
1491 3874 1598 3928 addidi.
1640 3873 1668 3928 in
1691 3874 1780 3930 cauda
1803 3874 1872 3928 1111:

1236 3963 1268 4016 in
1294 3979 1325 4016 eo
1353 3978 1407 4030 qao
1436 3963 1596 4017 Germanici
1621 3963 1756 4030 interpres
1781 3965 1873 4017 ntttnr

1237 4052 1370 4120 ennnpto,
1393 4053 1465 4106 sient
1486 4053 1518 4105 in
1539 4053 1642 4106 nostris
1664 4051 1804 4120 Epitames
1827 4067 1871 4105 co·

1238 4123 1871 4209 οιτοω,ιιλειι”ωοεωιιιαιιιοι-

1237 4231 1311 4297 tique
1324 4231 1418 4285 stellae
1432 4231 1547 4285 omissae
1560 4237 1649 4286 erant.
1668 4232 1703 4299 rt.
1717 4230 1871 4302 Hyyinenn.
