3920 5806
1558 409 1623 474 nlo

284 587 368 655 eod.
392 587 643 654 Stroznionns
1072 586 1154 651 Cod.
1178 587 1444 671 Frisingeneis

5 712 9 778 Ῑ
72 712 213 790 coepisse
245 731 416 796 causaque
444 711 646 793 relinquendi
672 713 835 778 uniuersos
887 711 1047 793 Pyrrham
1057 711 1326 775 ctDeucolioncm.
1347 716 1382 775 at
1391 732 1514 776 sorores
1524 711 1624 778 Phac-

6 844 10 899 ;
73 819 357 884 aninesiumissos
370 819 482 905 esse⁴⁶)
498 839 644 898 omneque
652 820 835 884 mortalium
887 819 1016 896 thantis,
1035 819 1121 900 quoel
1139 838 1233 898 equos
1250 819 1376 882 iniussu
1389 820 1498 898 patris
1515 820 1625 884 iunue-

6 910 12 1030 l
70 945 170 1007 ycuus
201 927 362 992 interisse
381 931 512 1008 practer
535 924 673 1008 Pyrrum
695 929 724 990 et
746 925 834 990 Deu-
887 931 964 990 rant
981 927 1017 990 in
1035 925 1164 990 arbores
1171 923 1309 1006 populos
1323 929 1528 990 commutatae
1541 931 1624 990 sunt.

7 1037 8 1068 ¹
71 1031 248 1097 salionem.
301 1053 423 1098 sorores
464 1053 588 1116 qaoque
626 1032 835 1098 Phaethontis
1177 1031 1239 1096 fab.
1266 1031 1336 1095 154.

8 1161 9 1164 ¹
69 1137 184 1216 flentes
199 1140 243 1202 iu
262 1141 394 1206 arbores
398 1139 538 1222 populos
547 1159 657 1204 uersae
670 1138 833 1225 missust)
933 1159 1111 1204 ..sorores
1129 1142 1234 1202 autem
1249 1137 1463 1215 Phaethontis,
1483 1138 1558 1202 dum
1575 1139 1625 1202 in-

69 1245 237 1311 lacrimae
290 1267 414 1328 quoque
459 1265 570 1311 eorum
612 1247 650 1311 in
689 1245 834 1312 electrum
887 1247 1014 1310 teritum
1041 1243 1156 1324 deflent
1179 1245 1311 1326 fratris,
1337 1246 1374 1309 iu
1401 1245 1529 1309 arbores
1552 1249 1626 1309 sunt

69 1353 221 1417 iteratae
254 1353 420 1431 dicuntur,
449 1352 663 1434 Heliadesque
691 1351 833 1432 adpellu—
880 1353 1019 1434 populos
1054 1373 1170 1416 uersae.
1213 1351 1328 1415 hortem
1358 1351 1553 1432 lachrymae,
1590 1355 1626 1415 ul

69 1463 128 1522 loc.
155 1459 262 1540 ipsas
281 1465 387 1525 autem
400 1460 531 1526 uomina
545 1459 690 1524 hahuisse
701 1459 834 1538 Merope
886 1459 1045 1523 Hesiodus
1062 1459 1196 1535 inllicat,
1214 1459 1251 1522 in
1268 1458 1413 1522 electrum
1433 1463 1507 1522 sunt
1525 1459 1625 1522 dirru-

6 1549 13 1635 ,
71 1565 165 1630 llelie
201 1567 313 1648 Acylc
345 1567 507 1647 lampetio
538 1565 657 1631 Phoehe
688 1566 834 1630 Actherie
886 1571 951 1644 tae,
984 1565 1137 1630 Heliades
1167 1569 1274 1630 tauma
1299 1567 1515 1630 nominantur.
1551 1570 1625 1629 suut

71 1671 260 1754 Dioxippe.
273 1675 319 1756 Η)
357 1673 486 1756 nynus
504 1695 636 1754 quoque,
659 1693 716 1737 rea
734 1672 832 1756 Liyu-
886 1679 990 1738 autem
1009 1673 1154 1753 Merope,
1177 1671 1285 1748 Helie,
1307 1671 1420 1754 Acqle,
1444 1671 1624 1752 Lampetie,

6 1828 10 1865 ,
73 1781 157 1856 riae,
196 1779 399 1846 Hiacthouti
421 1781 640 1860 propinquus,
674 1779 749 1844 ilum
780 1779 832 1844 de·
886 1780 1038 1858 Phoebeo,
1057 1779 1197 1856 Ethemc,
1215 1777 1387 1859 Diocippe.
1420 1777 1548 1861 nyuus
1567 1799 1625 1842 ou-

73 1885 173 1965 llcret,
202 1891 238 1954 et
264 1887 322 1952 ille
338 1889 375 1951 in
392 1907 526 1970 cyynum
544 1907 717 1952 convorsus.
749 1885 832 1971 is⁴⁸)
885 1892 959 1964 tem,
987 1909 1044 1951 rea
1066 1887 1235 1967 Irlyuriae,
1264 1886 1321 1966 qui
1347 1885 1411 1966 fuit
1436 1883 1625 1950 Phaethonti

6 1978 13 2081 l
74 2013 205 2074 quoque
232 1993 377 2058 moriens
402 1993 503 2074 flebile
525 1995 620 2057 canit.
880 1995 1097 2076 propinquus,
1125 1993 1201 2054 dum
1223 1991 1316 2071 deflet
1333 1991 1566 2074 propinquum,
1589 1993 1625 2056 in

5 2088 10 2119 '
886 2121 1019 2184 cyynum
1037 2119 1202 2164 conversus
1219 2103 1273 2162 est.
1300 2099 1330 2162 is
1348 2118 1471 2179 qnoque
1489 2098 1626 2162 moriens

885 2205 987 2286 flebile
1004 2207 1101 2271 caui.

296 2330 341 2395 vi
365 2353 394 2415 p.
421 2331 630 2407 1rs‚n-e.
1176 2328 1238 2394 uu
1264 2329 1335 2394 138.

6 2423 7 2437 ³
124 2437 321 2504 Centaurus
340 2438 457 2503 ilicitm
476 2437 612 2504 Saturni
629 2441 660 2500 et
678 2434 832 2516 Philyrae
929 2433 1091 2502 Saturnus
1130 2437 1233 2501 Ioocm
1270 2455 1338 2498 crim
1375 2441 1539 2516 quaereret
1564 2457 1626 2518 per

78 2543 175 2623 filius.
201 2545 320 2631 qui⁴⁹)
339 2543 500 2609 Saturnus
518 2565 587 2608 cum
604 2544 711 2608 Iouem
729 2541 833 2624 hlium
886 2548 1004 2621 terras,
1029 2543 1063 2607 in
1088 2542 1228 2608 thracia
1255 2562 1325 2606 cum
1348 2541 1484 2626 Philyra
1510 2541 1626 2609 Oceani

80 2655 266 2730 quaereret,
290 2653 326 2716 in
351 2651 491 2716 thracia
514 2671 583 2714 crim
600 2649 738 2732 Philyra
761 2647 832 2714 Oce·
885 2651 958 2730 filiu
976 2651 1013 2714 in
1030 2671 1143 2731 equum
1161 2669 1327 2714 conuersus
1345 2649 1524 2729 concubuit;
1543 2670 1625 2732 quae

81 2757 136 2820 oui
159 2759 259 2839 filia,
287 2759 323 2822 in
350 2779 463 2840 equum
489 2742 597 2822 uersus
620 2757 738 2820 elicitur
760 2777 832 2820 con·
886 2779 924 2822 ea
946 2777 980 2821 co
997 2757 1123 2837 peperit
1148 2753 1314 2821 Chironem
1340 2753 1545 2834 Centaurum,
1569 2759 1626 2838 qui

81 2865 228 2928 omisisse
259 2869 289 2929 ct
316 2887 354 2929 ea
380 2887 417 2930 ea
450 2863 616 2931 Chironem
641 2861 833 2927 Centaurum
886 2867 985 2927 artem
1008 2864 1161 2928 unrlicam
1181 2863 1305 2943 primus
1322 2863 1477 2928 iuvenisse
1498 2865 1623 2928 elicitur.

80 2975 196 3034 uotum
211 2973 301 3035 artis
313 2973 486 3036 uuelicinuc
500 2973 700 3046 inuentorem,
713 2971 831 3049 ipsam
885 2969 1023 3053 Philyra
1041 2973 1215 3052 postquam
1236 2970 1426 3034 inusitatam
1447 2971 1577 3051 speciem
1595 2991 1626 3034 se

82 3096 140 3155 que
159 3079 199 3142 in
220 3078 369 3142 arborem
382 3078 557 3160 philyram,
580 3077 637 3142 hoo
655 3079 699 3140 est
717 3075 831 3154 tiliam,
880 3077 1042 3157 peperisse
1068 3077 1162 3154 nait,
1186 3077 1267 3156 petit
1294 3077 1335 3142 oh
1357 3077 1446 3153 Ioue,
1474 3081 1510 3140 ut
1536 3097 1568 3141 se
1590 3076 1626 3140 in

81 3202 144 3247 csse
168 3205 309 3248 uersam.
885 3185 1031 3264 aliquam
1061 3183 1190 3263 speciem
1223 3186 1441 3261 commutaret;
1478 3204 1559 3266 quoe
1589 3184 1625 3246 iu

886 3291 1029 3354 arborem
1045 3289 1225 3371 philyram,
1252 3289 1309 3353 hoc
1331 3293 1376 3354 est
1399 3289 1516 3369 tiliam,
1545 3309 1624 3356 com·

885 3401 1009 3461 mittola
1032 3400 1085 3460 est.

174 3519 279 3585 Vides
303 3525 487 3585 concentum
508 3522 541 3585 in
565 3521 702 3605 quinque
725 3525 892 3605 postremis
913 3521 1110 3606 potissimum
1133 3519 1246 3586 fabulis
1270 3526 1335 3585 tam
1357 3521 1530 3604 perlectum
1550 3544 1625 3600 esee,

85 3629 120 3687 ut
147 3625 200 3691 vel
229 3626 310 3690 vitia
332 3625 512 3693 Stronnieno
540 3649 611 3692 cum
637 3627 831 3711 Frieingenei
860 3628 1036 3693 communie
1062 3627 1139 3705 sint3
1167 3649 1239 3692 nem
1267 3629 1301 3692 in
1327 3634 1461 3711 utroque
1488 3628 1569 3693 libro
1592 3629 1625 3694 iu

5 3749 6 3780 i
86 3729 145 3799 lab.
167 3733 201 3798 11
227 3733 372 3799 Corinthi
396 3756 451 3798 rex
471 3733 656 3816 lyranthus
678 3739 808 3800 vocetur
825 3757 882 3820 pro
906 3734 1086 3800 Periandro
1093 3755 1104 3813 ;
1126 3755 1184 3799 nec
1202 3735 1303 3800 minus
1327 3739 1459 3818 uterque
1477 3735 1510 3800 in
1528 3733 1625 3800 saul

87 3839 226 3904 nominis
251 3845 432 3916 monstrum,
456 3842 540 3924 quod
563 3848 611 3906 est
634 3841 806 3919 Crumissa,
830 3841 969 3926 praebet,
991 3843 1024 3906 in
1048 3861 1108 3925 quo
1127 3847 1228 3926 uolui
1252 3847 1355 3928 νῆσον
1379 3843 1477 3907 latere
1501 3842 1625 3926 egregie

87 3943 381 4012 animadverterunt
400 3946 589 4012 Mnnckerns
613 3952 644 4013 et
663 3949 841 4014 Bursianus
874 3969 975 4032 neque
998 3955 1105 4013 tamen
1127 3969 1207 4025 enm,
1230 3948 1284 4029 qui
1306 3948 1426 4014 scholia
1444 3947 1626 4014 Stronuiane

89 4057 305 4135 componeret,
331 4053 399 4138 ipso
427 4054 509 4119 libro
535 4054 728 4139 Frisingonei
755 4078 846 4120 nsum
873 4077 940 4120 esse
967 4054 1060 4121 facile
1087 4054 1288 4132 crediderim
1316 4071 1387 4120 nem
1415 4055 1481 4133 ille,
1508 4056 1535 4121 ei
1563 4077 1641 4141 qua,

89 4153 217 4242 Micyllo
242 4159 329 4238 fides,
352 4160 384 4225 in
407 4160 469 4226 fab.
488 4160 520 4226 ΙΙ
542 4161 694 4227 Ariorum
716 4161 869 4238 habebam
891 4164 975 4246 qnod
998 4184 1111 4227 nomen
1135 4164 1162 4227 si
1185 4161 1437 4250 Stronzienorum
1459 4169 1570 4228 auctor
1592 4165 1625 4228 in

4 4267 6 4300 :
90 4281 143 4327 suo
171 4265 292 4350 Hygini
320 4269 462 4352 exemplo
489 4269 670 4346 invenisset,
698 4275 783 4335 certo
810 4291 873 4334 non
900 4270 958 4334 sub
986 4269 1115 4345 Orione,
1143 4270 1197 4334 sed
1225 4269 1283 4334 sub
1307 4269 1457 4354 delphino
1485 4268 1625 4336 fabulam

91 4373 255 4450 posuisset.
288 4380 453 4457 praeterea
479 4397 702 4460 nonnunquam
730 4375 929 4444 Strozzianus
956 4376 1091 4452 aliast,
1119 4375 1180 4440 nisi
1208 4377 1334 4462 egregie
1361 4376 1469 4454 fallor,
1494 4377 1626 4443 meliore

181 4621 215 4686 ¹⁵)
232 4622 364 4676 immissos
382 4637 436 4677 cese
454 4621 486 4677 U.
506 4624 683 4679 invenisses.

181 4709 214 4774 ω)
232 4727 326 4765 ocreae
343 4709 430 4776 fuisse
447 4715 480 4781 ql:
497 4729 577 4766 ocrea
595 4712 713 4778 tuissent
732 4715 756 4768 S.

180 4798 214 4864 ιτ)
232 4799 364 4869 Merophe
382 4800 430 4854 elie
449 4799 505 4870 tyle
521 4801 649 4871 Iyaclam
662 4804 736 4871 petie
750 4802 835 4871 phebe
853 4801 951 4856 etherio
970 4802 1101 4871 ‹lionippc
1118 4803 1143 4858 S.
1165 4818 1232 4857 corr.
1253 4803 1504 4858 Merkscheffelius.

181 4887 214 4954 ⁴⁸)
232 4889 256 4944 is
273 4889 514 4945 Merkecheffelins
534 4895 562 4945 et
581 4889 752 4961 Breysigius:
772 4891 802 4946 ii
821 4891 846 4947 S.

182 4977 215 5046 ⁴⁹)
233 4980 325 5047 quis.
345 4981 413 5047 quia
431 4979 464 5034 U.
559 5010 562 5020 ι
