3906 5800
239 422 339 476 Senon.
359 421 451 476 (lanu.
472 420 503 475 G.
523 439 549 491 p.
570 423 628 486 151,
649 421 690 476 19.
817 441 819 444 ·

106 1027 192 1110 oqui
233 1047 303 1092 eum
343 1028 447 1093 Solem
488 1029 577 1092 iuxta
613 1028 739 1092 illorum
774 1027 834 1092 fm-

135 1135 292 1199 sissimam
314 1135 493 1218 opinionem
515 1134 684 1232 maximum
704 1136 834 1200 deorum

134 1241 320 1318 honoraret,
347 1241 495 1307 Liberum
523 1249 629 1308 autem
651 1247 788 1326 patrem,
814 1263 834 1306 a

134 1369 198 1431 quo
228 1347 334 1414 fuerat
357 1347 561 1433 glorificatus,
588 1349 715 1413 minime
739 1349 833 1431 glori-

134 1453 261 1532 ficaret,
284 1457 396 1544 sedens
419 1455 451 1520 in
474 1461 580 1521 monte
603 1456 757 1539 Paggue0‚
780 1476 833 1520 ex·

88 1541 291 1644 10speetans'
307 1561 389 1628 Solis
408 1569 529 1643 (ortum,
550 1563 653 1628 missis
676 1585 695 1627 a
717 1560 833 1627 Libero

132 1675 227 1752 patre
244 1667 424 1754 passeribus
442 1669 640 1736 membratim
659 1670 833 1752 discerptus

134 1781 169 1840 et
191 1778 223 1840 in
247 1777 448 1843 inferioribus
471 1777 611 1860 sepultus
634 1783 689 1842 est.

130 4183 154 4220 11
173 4167 342 4235 passeribus:
362 4165 553 4221 Bassaridibus
571 4168 597 4237 β.
634 4165 682 4221 sed
701 4163 769 4220 lalee
786 4165 830 4219 la-

96 4255 183 4321 epriae
199 4255 362 4310 scholiastae
379 4255 577 4323 relinquendae
594 4262 667 4310 saal.

1142 423 1272 476 Hronrus
1291 423 1325 486 ll,
1345 423 1369 477 l.

1564 423 1624 488 141

886 602 940 685 qui
982 623 1114 684 querens
1150 602 1257 666 uxoris
1289 601 1461 686 Eurydiees
1497 621 1582 666 mor·

886 715 950 774 tem
968 709 1010 773 ed
1029 708 1146 776 inferos
1164 708 1362 774 descendisse
1376 711 1584 786 existimatur,

886 819 915 878 at
941 815 986 879 ill
1012 815 1142 880 deorum
1162 815 1342 896 propealem
1364 835 1422 881 sao
1444 815 1584 882 earmiae

887 921 1036 988 laudasse
1044 925 1174 1002 praeter
1187 921 1336 987 [ziberam
1345 921 1583 1003 parembolae

886 1029 968 1092 enlm
991 1027 1145 1094 oblivione
1168 1029 1281 1094 dactus
1297 1031 1523 1110 praetermisit,
1547 1034 1584 1094 ut
1609 1037 1627 1091 5

889 1134 1009 1201 Oeneae
1034 1136 1071 1200 ia
1092 1136 1250 1217 sacrificio
1272 1134 1426 1202 Dianam.
1472 1141 1584 1220 postea

887 1243 985 1324 igitur
1002 1243 1156 1327 Orpheus,
1177 1249 1214 1308 al
1231 1244 1404 1325 eoraplaras
1423 1243 1581 1322 dlaaraal,

885 1350 922 1414 ia
955 1349 1087 1430 Olympo
1118 1354 1233 1428 monle,
1267 1351 1324 1432 qai
1354 1350 1581 1416 Macedoniam

887 1457 1003 1522 dividit
1020 1477 1042 1520 a
1058 1455 1208 1536 Thracia,
1228 1457 1284 1522 sed
1303 1462 1338 1522 ut
1356 1455 1582 1522 Eratosthenes

886 1564 941 1641 ait,
964 1564 997 1628 in
1014 1563 1160 1648 Pangaeo
1183 1565 1303 1640 sedens,
1324 1584 1394 1630 eam
1415 1568 1512 1629 caula
1530 1564 1627 1629 cle-10

886 1669 1063 1750 leaaraar,
1096 1670 1212 1736 dieitur
1243 1671 1273 1734 ei
1304 1669 1401 1736 Liber
1432 1669 1582 1736 obiecisse

886 1777 1035 1855 Bacchae,
1053 1797 1134 1860 quae
1152 1798 1264 1860 eorpus
1283 1777 1351 1842 eius
1370 1777 1582 1862 discerperent

885 1882 1051 1950 interfecti.
1083 1884 1138 1948 sed
1160 1884 1221 1949 alii
1239 1885 1357 1962 dleaal,
1382 1885 1468 1967 qaod
1484 1885 1582 1950 ludia

885 1990 994 2056 Ia'terl
1019 1992 1061 2055 sil
1083 1990 1276 2071 speculatus,
1304 1991 1340 2054 ld
1361 1991 1391 2054 el
1414 1991 1581 2070 accidiam
1692 2038 1697 2051 .
1738 2001 1744 2012 '

885 2095 992 2163 Musas
1019 2104 1125 2162 autem
1152 2097 1293 2162 eonleeta
1316 2095 1455 2162 membra
1478 2098 1581 2182 sepul·
1592 2107 1625 2161 15

884 2209 974 2268 turae
996 2205 1170 2281 mandasse,

885 2943 918 3002 et
939 2938 1039 3021 lyram
1058 2959 1119 3022 quo
1138 2937 1272 3002 maxime
1294 2942 1465 3020 potuerant
1486 2936 1581 3002 bene-

884 3043 968 3120 ficia,
995 3045 1080 3110 illius
1104 3045 1271 3110 memoriae
1293 3065 1388 3109 eausa
1413 3043 1582 3128 figuratam

884 3151 983 3216 stellis
996 3151 1080 3218 inter
1094 3131 1199 3218 e'idera
1212 3149 1411 3216 eonstituisse
1424 3149 1581 3234 Apollinis
1590 3160 1625 3214 25

885 3263 917 3322 et
935 3257 1019 3324 Iovis
1038 3258 1208 3335 volartate,
1227 3258 1312 3340 quod
1325 3256 1469 3340 Orpheus
1484 3256 1580 3340 Apol-

884 3363 979 3430 linem
997 3368 1131 3430 maxime
1149 3365 1308 3442 laudarat3
1332 3363 1454 3447 Iupiter
1474 3368 1581 3430 autem

884 3470 950 3536 filio
973 3470 1157 3538 beneficium
1181 3473 1340 3538 concessit.

919 4183 945 4222 ss
955 4166 1025 4234 quod
1036 4163 1067 4220 V:
1082 4181 1194 4234 quorum
1210 4163 1274 4220 Da.
1311 4181 1337 4220 so
1347 4164 1475 4220 laudaret
1484 4163 1625 4218 Raetias.-

884 4254 1010 4309 laudaret
1028 4255 1097 4308 raa.
1135 4271 1161 4309 ss
1180 4255 1238 4309 filio
1257 4253 1320 4308 GV:
1338 4253 1413 4309 filise
1432 4253 1469 4308 D.
