3908 5802
227 1731 328 1786 Scuou.
348 1731 441 1786 Gaau.
461 1729 493 1785 G.
513 1747 539 1801 p.
560 1732 622 1796 112,
638 1731 663 1785 8.

163 1909 290 1974 llelioeu
324 1913 429 1973 autem
461 1910 540 1974 dicit
569 1910 725 1974 Hesiodus
754 1911 814 1994 Ly-

122 2017 223 2080 caonis
242 2013 341 2086 filiam
360 2015 463 2081 luisse.
482 2037 563 2098 quae
582 2038 651 2082 cum
670 2018 703 2082 in
718 2017 815 2081 Arca·

121 2122 172 2186 rlia
187 2121 351 2186 habitaret
374 2127 406 2186 ct
429 2145 500 2186 cum
518 2123 622 2188 Diana
639 2122 815 2188 venationis

121 2249 212 2301 causa
247 2229 278 2291 in
318 2226 477 2294 montibus
509 2235 591 2293 esset
626 2234 659 2294 et
690 2251 709 2294 a
740 2229 814 2294 Iove

98 2336 234 2399 titolata
257 2355 324 2398 rem
343 2335 462 2400 celaret
480 2334 610 2412 Dianae,
633 2337 666 2400 in
689 2336 814 2400 lavacro

120 2447 242 2523 partum
269 2441 448 2506 accelerans
476 2440 517 2505 ab
545 2462 583 2506 ea
610 2442 814 2527 deprehensa,

121 2548 192 2628 quia
214 2547 334 2612 factum
357 2547 484 2624 celavit,
510 2547 615 2614 bestia
637 2547 706 2614 fieri
730 2549 815 2613 iussa

121 2659 165 2717 cst
188 2659 220 2718 ct
242 2675 356 2737 parere
380 2655 563 2732 Arcturum,
586 2676 678 2738 quem
701 2660 815 2721 vocant

120 2758 279 2825 ilrrarlom.

83 3941 111 3993 lo
161 3933 294 4015 Amphis
322 3937 429 4012 autem
457 3933 535 3998 dicit
562 3933 669 3998 lovem
695 3932 816 3998 Dianae

119 4038 340 4103 rrdsimulatum
372 4061 442 4102 cum
479 4059 518 4102 ca
552 4039 651 4104 coisse
682 4045 715 4104 et
746 4061 817 4104 eam

113 4371 155 4410 cs
174 4363 237 4424 poet
256 4355 405 4426 Lycaonis:
425 4355 498 4426 regis
518 4355 546 4410 S.

1126 1733 1258 1787 Hroruus
1276 1733 1311 1799 II,
1332 1735 1355 1788 1.

913 1909 1003 1974 Hauc
1035 1897 1140 1974 autem
1168 1909 1324 1976 Hesiodus
1357 1912 1403 1976 ait
1433 1910 1567 1976 Callisto

868 2017 994 2080 notitiae
1025 2016 1178 2100 Lycaonis
1210 2015 1309 2081 filiam
1342 2019 1408 2082 cius
1445 2019 1500 2101 qui
1534 2018 1568 2083 iu

870 2123 1008 2188 Arcadia
1025 2121 1177 2206 regnavit,
1200 2145 1330 2207 eamque
1349 2124 1455 2190 studio
1474 2145 1566 2190 vena·

869 2230 965 2295 tionis
991 2229 1152 2295 inductam
1178 2229 1220 2294 ad
1242 2230 1378 2295 Dianam
1405 2250 1439 2295 se
1465 2231 1566 2316 adpli-
1596 2219 1604 2232 ’

868 2336 983 2411 cuisse,
1019 2355 1041 2398 a
1061 2355 1139 2419 *qua
1174 2355 1239 2400 coa
1274 2336 1472 2402 mediocriter
1502 2358 1566 2402 csse
1594 2347 1611 2398 o

868 2441 1016 2506 dilectoni
1033 2447 1167 2524 propter
1184 2443 1352 2525 utriusque
1377 2443 1567 2508 consimilem

867 2553 1030 2615 naturam.
1064 2555 1173 2632 postea
1195 2555 1300 2614 autem
1322 2549 1364 2613 ab
1387 2549 1460 2614 Iove
1483 2571 1566 2618 oem-

867 2677 1008 2741 prossam
1035 2655 1167 2720 veritam
1194 2655 1316 2721 Dianae
1343 2677 1435 2721 suum
1461 2655 1566 2720 dicore

869 2767 1026 2837 eventum,
1067 2761 1171 2845 quoad
1212 2763 1331 2828 diutius
1367 2763 1469 2828 celare
1504 2785 1566 2828 non

868 2868 980 2951 potuit.
1013 2890 1086 2932 nam
1114 2869 1177 2934 iam
1208 2874 1300 2934 utero
1332 2868 1611 2952 ingravescentem

867 2995 966 3059 prope
993 2974 1077 3038 diem
1104 2979 1215 3057 partus
1242 2975 1276 3039 in
1303 2973 1431 3040 flumine
1453 2997 1567 3060 corpus

868 3081 1089 3146 exercitatione
1116 3079 1271 3160 defessam
1303 3103 1373 3146 cum
1400 3087 1567 3158 recrearet,

868 3209 888 3252 a
914 3187 1018 3268 Diana
1044 3187 1171 3270 cognita
1198 3193 1247 3251 est
1276 3209 1339 3252 non
1367 3209 1566 3254 conservasse

869 3292 1091 3375 virginitatem.
1115 3295 1167 3358 cci
1189 3295 1249 3356 dcc
1268 3315 1329 3374 pro
1347 3294 1567 3376 mopciiadioc

868 3399 1058 3480 suspicionis
1076 3421 1141 3463 coa
1159 3402 1310 3464 mitiorem
1328 3400 1474 3464 retribuit
1490 3421 1565 3480 poc·
1578 3410 1611 3462 15

869 3527 952 3570 iecra.
986 3509 1094 3585 crepta
1126 3507 1208 3569 enim
1234 3505 1317 3586 facie
1348 3505 1502 3588 oirpinuli
1534 3506 1564 3570 in

1657 1999 1728 2053 Urso

1644 2089 1741 2143 eicior.

868 3633 961 3678 ursae
976 3611 1111 3696 speciem
1124 3617 1172 3677 est
1186 3633 1344 3688 convorsa,
1363 3633 1445 3695 quoa
1458 3632 1568 3694 praece
1672 3693 1673 3698 ἵ

870 3712 992 3802 ἄρκτος
1016 3717 1209 3800 adpellciar.
1242 3719 1275 3783 in
1304 3741 1342 3783 ea
1368 3716 1471 3801 figura
1497 3739 1566 3783 cor-

868 3825 954 3909 poris
982 3817 1119 3890 Arcarla'
1133 3827 1318 3908 procreavit.
1364 3825 1434 3900 sed,
1460 3829 1497 3889 ut
1520 3825 1567 3888 ait

869 3931 1002 4016 Amphis
1024 3931 1256 3998 comoediarum
1278 3929 1423 4014 scriptor,
1446 3930 1567 4015 Iupiter
1576 3941 1612 3993 20

869 4039 1034 4104 simulatus
1061 4036 1197 4121 effigiem
1220 4038 1352 4115 Dianae,
1379 4059 1449 4103 oum
1471 4037 1566 4123 virgi-

870 4357 1060 4412 Tnsrruonre:
1093 4357 1236 4426 exscripsit
1264 4357 1376 4412 Seruius
1405 4357 1495 4426 Georp
1517 4355 1538 4408 I
1557 4359 1612 4410 138

1048 4461 1076 4513 p.
1096 4449 1149 4499 193
1167 4445 1250 4500 Lien.
1270 4448 1301 4500 ia
1319 4445 1413 4500 adnot.

904 4551 957 4590 ao
985 4551 1061 4588 suum
1084 4565 1115 4573 -
1135 4541 1263 4588 eventum
1291 4534 1309 4590 i.
1334 4551 1357 4589 e.
1382 4530 1414 4588 τὸ
1443 4529 1610 4601 σύμπτωμα.

870 4624 959 4692 quoad
985 4623 1098 4690 scripsi:
1125 4622 1195 4691 quod
1225 4621 1294 4676 latri.
1342 4641 1367 4678 ro
1390 4622 1611 4691 ingravescente:

869 4711 1070 4766 intumescente
1094 4710 1124 4765 V.
1171 4727 1195 4765 ιι
1223 4727 1309 4781 prope
1333 4708 1407 4766 diem
1431 4717 1526 4780 partus
1552 4712 1570 4765 i.
1590 4727 1611 4765 c.

870 4797 1010 4864 ἐπίτοκος.
1052 4817 1078 4856 re
1097 4814 1286 4854 conservasse:
1309 4815 1433 4854 servasse
1460 4799 1490 4854 V.
1519 4799 1611 4856 obser·

870 4903 949 4945 vassa
969 4889 1002 4944 θ.
1042 4906 1073 4947 ra
1089 4905 1115 4944 ro
1137 4893 1167 4944 ut
1186 4885 1302 4960 Amphis
1322 4904 1344 4944 c.
1364 4903 1385 4943 s.
1405 4887 1473 4945 elicit
1492 4887 1525 4945 R.

1362 5137 1398 5195 4⁸
