3908 5802
321 441 366 506 28

322 623 454 690 Aratum
481 627 581 688 instar
607 622 703 688 fuisse
730 641 802 684 mox
829 619 1056 702 intellegemus,
1087 625 1124 683 ut
1151 617 1251 696 illum,
1284 620 1337 704 qui
1364 619 1455 686 Arati
1482 641 1606 688 carmen
1633 621 1740 698 vertit,
1767 619 1852 686 huric

321 751 444 816 quoque
471 729 587 794 librum
611 729 789 812 cognovisse
812 727 939 790 minime
966 726 1142 790 mirandum
1166 726 1215 791 sit.
1261 727 1396 809 denique
1418 729 1568 794 nonnulla
1590 728 1686 794 habet
1705 730 1851 805 Avienus,

321 858 621 922 quee,q11amquam
644 837 676 898 iu
700 832 930 900 Catasterismis
954 832 1112 908 extabant,
1135 832 1176 896 ah
1194 833 1319 916 Hygino
1342 837 1457 900 omissa
1478 843 1564 910 snnt;
1587 836 1672 900 velut
1690 835 1851 918 Virginem

321 967 340 1010 a
362 943 519 1010 nonnullis
541 965 598 1027 pro
621 942 705 1007 Iside
728 940 837 1005 haberi
860 940 980 1004 indicat
1002 961 1028 1002 v.
1051 938 1116 1004 282
1140 961 1162 1003 e.

651 1089 708 1148 cat
722 1081 889 1147 'Pelusiaci
911 1083 1012 1164 magas
1035 1101 1065 1146 cs
1089 1082 1149 1145 dea
1172 1081 1287 1146 littoris
1309 1083 1383 1162 Isis,

651 1191 749 1274 dipsa
772 1189 884 1274 coii⁶⁴)
908 1208 1034 1252 consors
1057 1193 1085 1252 et
1107 1209 1186 1254 cura
1209 1189 1361 1254 latrastis
1383 1191 1516 1256 Anubis.

321 1339 450 1404 eandem
475 1335 714 1419 explicationem
736 1334 784 1398 vel
807 1333 952 1416 Epitome
975 1330 1020 1394 IX
1043 1333 1186 1408 servavit,
1209 1333 1263 1396 sed
1287 1335 1393 1398 omisit
1415 1335 1558 1418 Hyginus
1581 1335 1622 1411 Il,
1648 1335 1697 1400 25.
1736 1335 1849 1400 deinde
1941 1381 1942 1398 .

321 1446 457 1510 Avienus
480 1465 549 1507 cum
573 1463 599 1506 v.
622 1441 684 1505 541
1220 1463 1229 1486 ι

842 1528 958 1610 proles,
983 1529 1048 1605 tibi,
1073 1527 1253 1615 Deroia⁵⁵)‚
1271 1529 1375 1609 pisces

671 1640 798 1720 sarpeia
822 1635 989 1716 Bambycii

319 1783 450 1858 scribat,
481 1781 634 1856 fabulam,
666 1799 745 1863 quac
776 1779 810 1842 in
837 1778 1066 1843 Catasterismis
1098 1780 1137 1843 de
1165 1777 1298 1844 Derceto
1327 1777 1431 1844 Ctesia
1462 1787 1589 1845 auctore
1621 1787 1750 1846 narrata
1782 1789 1851 1845 erat

319 1893 361 1977 (v.
379 1891 513 1973 Epitom.
532 1887 722 1973 XXXVIII),
745 1883 909 1968 significat,
932 1887 987 1951 sed
1010 1907 1079 1950 cum
1102 1886 1244 1970 Hyginus
1261 1886 1291 1950 Il
1310 1888 1349 1951 41
1372 1909 1429 1970 pro
1452 1886 1585 1952 Derceto
1604 1887 1678 1952 Isim
1702 1889 1851 1962 nominet,

320 1997 455 2061 Avienus
476 2017 514 2059 ex
536 1995 612 2078 ipsis
631 1993 861 2058 Catasterismis
879 1992 1018 2057 fabulam
1036 1995 1215 2076 cognoverit
1233 2013 1356 2058 necesse
1376 2001 1431 2058 est.
1468 1995 1602 2078 denique
1620 1995 1772 2078 Hyginus,
1797 1995 1851 2066 ubi

319 2106 358 2168 (16
378 2104 460 2187 Lyra
477 2103 616 2186 loquitur
633 2101 665 2165 Il
685 2102 713 2173 7,
736 2099 1029 2164 Catastcrismorum
1048 2100 1221 2165 narrationi
1240 2101 1391 2166 nonnulla
1408 2121 1447 2164 ex
1465 2101 1527 2166 alio
1546 2108 1672 2166 structore
1690 2102 1851 2166 admiscet
1946 2165 1947 2168 ,

319 2217 353 2275 at
367 2230 447 2292 quae
461 2209 597 2273 Avienus
611 2231 637 2272 v.
652 2207 824 2273 618-631
842 2212 959 2283 narrat,
977 2207 1061 2270 eain
1076 2206 1307 2272 Catasterismis
1322 2206 1463 2272 extitisse
1478 2209 1582 2272 omnia
1596 2229 1665 2272 curu
1680 2209 1851 2292 Epitomes,

319 2326 386 2381 tum
409 2317 597 2382 scholiorum
620 2315 843 2379 Basileensium
868 2314 1060 2396 comparatio
1088 2314 1186 2378 docet.
1232 2315 1344 2396 quodsi
1367 2314 1525 2397 Hyginum
1549 2315 1685 2379 Avienus
1711 2317 1850 2398 exscrip-

319 2425 419 2500 sisset,
441 2423 526 2488 nullo
549 2423 651 2498 modo,
669 2422 789 2504 opinor,
813 2442 850 2485 ea
872 2421 947 2496 sola,
970 2441 1051 2504 quae
1070 2441 1108 2484 ex
1126 2419 1358 2485 Catasterismis
1376 2420 1542 2497 fluxerunt,
1564 2422 1739 2504 delegisset.
1777 2445 1850 2486 nam
1940 2469 1941 2475 κ

318 2553 389 2615 quo,
421 2530 558 2604 obsecre,
589 2530 677 2612 signo
705 2550 742 2592 ea
769 2528 962 2609 distinguere
992 2532 1126 2610 poterat.
1177 2528 1284 2611 itaque
1316 2550 1354 2592 ex
1381 2527 1611 2593 Catastorismis
1643 2550 1712 2593 eum
1745 2531 1852 2593 omnio
1940 2512 1941 2566 l

317 2641 464 2724 petivisse
487 2657 544 2722 pro
567 2637 739 2701 certissimo
762 2633 871 2699 habco,
917 2633 1002 2717 quod
1024 2655 1093 2698 eum
1117 2634 1371 2712 intellexerimus,
1394 2636 1516 2699 denno
1539 2644 1623 2700 certe
1647 2635 1756 2699 Avieni
1779 2636 1850 2700 loeo

318 2747 422 2830 paullo
445 2745 621 2810 accuratius
644 2743 866 2826 disputandum
889 2746 943 2805 est.
980 2762 1052 2806 nam
1075 2741 1128 2805 ille
1151 2763 1176 2804 v.
1196 2740 1371 2806 582-600
1394 2741 1446 2804 ubi
1471 2763 1526 2805 cur
1549 2741 1682 2824 septima
1705 2742 1850 2806 Pliadum

318 2853 479 2918 obscurior
502 2851 551 2927 sit,
575 2850 715 2932 inquirit,
736 2855 801 2914 tres
820 2869 899 2931 quae
918 2848 1010 2912 huius
1028 2848 1075 2912 rei
1093 2848 1218 2912 adlatae
1237 2854 1329 2912 crant
1347 2869 1455 2912 causas
1473 2847 1606 2931 profort;
1629 2871 1702 2913 nam
1721 2851 1851 2932 exponit

318 2959 395 3025 alios
413 2978 558 3023 narrasse
577 2977 644 3020 eam
659 2955 805 3021 Orionem
824 2955 940 3039 fugere,
959 2955 1038 3020 alios
1052 2955 1164 3021 Troiae
1181 2956 1310 3019 exitium
1325 2956 1440 3038 lugere,
1459 2955 1537 3020 alies
1551 2956 1685 3038 deniqne
1699 2955 1849 3038 Meropen

318 3087 385 3131 esse
404 3065 522 3148 pudore
541 3083 730 3147 oppressam,
748 3064 832 3144 quod
850 3063 976 3128 mortali
994 3063 1159 3146 nupsisset.
1195 3084 1328 3145 quarum
1348 3062 1590 3145 explicationum
1609 3064 1705 3127 tertia
1722 3064 1754 3127 in
1773 3064 1849 3147 Epi-
1942 3063 1943 3072 ’

317 3181 401 3238 tome
424 3171 532 3236 XXlll
555 3176 678 3236 servata
701 3175 761 3246 est,
784 3170 903 3252 priores
926 3170 1004 3234 dues
1028 3171 1060 3234 in
1083 3169 1315 3234 Catastcrismis
1338 3170 1479 3234 extitisse
1504 3191 1542 3234 ex
1564 3169 1690 3234 scholiis
1714 3169 1849 3252 Sangar-

317 3277 517 3344 manensibus
536 3284 568 3343 ct
586 3276 703 3361 Hygini
723 3276 903 3360 Astrologia
920 3298 1015 3360 snpra
1034 3277 1165 3342 ostendi.
1202 3283 1296 3362 atque
1315 3275 1449 3342 observa
1465 3299 1560 3358 qnam
1578 3283 1723 3341 accurate
1737 3278 1849 3341 Avieni
1946 3343 1947 3346 ,

317 3409 424 3452 versus
451 3384 625 3450 sao-597
655 3383 792 3448 cumeis
821 3390 1006 3466 congruant,
1033 3405 1113 3468 quac
1140 3382 1282 3468 Hyginus
1310 3390 1342 3448 et
1369 3385 1409 3446 de
1436 3383 1563 3448 Electra
1594 3391 1626 3448 et
1652 3385 1692 3448 de
1718 3385 1849 3448 cometis
1946 3371 1947 3374 ¹

317 3501 426 3559 narrat
447 3494 538 3558 1121
563 3513 593 3574 p.
613 3491 665 3566 63,
684 3491 725 3554 22
745 3529 785 3538 -
806 3492 858 3567 64,
875 3492 905 3554 4.
950 3497 985 3554 at
1007 3491 1127 3574 primae
1150 3491 1364 3574 explicationis
1387 3495 1497 3554 auctor
1519 3488 1559 3555 ab
1579 3491 1696 3555 Avieno
1719 3497 1849 3556 vocatur
1942 3489 1943 3526 ³

317 3600 454 3664 Minthes
478 3623 504 3664 v.
528 3598 593 3662 582
616 3621 639 3662 s.

470 3705 474 3714 ·
837 3687 922 3751 esrai
944 3707 999 3751 ses
1020 3687 1106 3751 solas
1129 3687 1268 3751 cointius
1290 3685 1430 3750 Minthes

680 3795 807 3874 adserit,
832 3795 994 3859 Electram
1016 3795 1101 3858 coelo
1124 3793 1304 3858 abscessisse
1319 3793 1486 3874 profando

680 3902 715 3967 ob
738 3902 944 3982 (ornridaium
967 3906 1118 3966 maritarat
1134 3902 1231 3982 prius
1256 3901 1385 3966 Oriorto.

318 4049 380 4114 iam
412 4069 482 4112 cum
508 4046 565 4112 hes
593 4067 699 4111 versus
727 4067 764 4108 ex
793 4043 1022 4110 Catasterismis
1050 4065 1212 4127 expressos
1239 4066 1306 4108 esse
1334 4051 1467 4120 constet,
1499 4043 1584 4108 illinc
1612 4043 1742 4110 llinthis
1770 4069 1846 4131 qno·

317 4177 377 4238 quc
404 4176 516 4218 nomen
543 4155 677 4236 petitum
705 4174 785 4228 esso,
812 4157 848 4214 ut
873 4158 947 4216 ante
974 4151 1158 4234 Panyasidis
1186 4173 1212 4215 v,
1243 4150 1319 4226 175,
1346 4151 1519 4216 necessario
1546 4152 1767 4217 coiieludimus.
1815 4156 1846 4218 in

317 4262 548 4327 Catasterismis
576 4261 672 4341 igitur
698 4257 776 4323 hacc
802 4257 909 4322 fabula
935 4279 973 4322 ex
1000 4257 1122 4322 Minthe
1150 4265 1279 4322 namata
1306 4265 1386 4334 erat,
1413 4279 1504 4340 quem
1532 4279 1551 4320 a
1574 4258 1715 4324 Sminthe
1743 4262 1844 4326 divar·
1944 4301 1945 4308 .

317 4392 384 4436 sum
416 4391 478 4432 non
510 4389 576 4431 esse
608 4367 671 4430 iam
699 4366 816 4430 dudum
844 4365 1036 4429 intellectum
1064 4371 1120 4429 est.
1170 4365 1374 4450 Sminthisll)
1402 4387 1475 4429 rara
1501 4387 1575 4430 sane
1601 4389 1639 4430 ac
1664 4389 1764 4450 paene
1791 4369 1845 4432 ob-
1945 4405 1946 4408 κ

317 4477 459 4541 litterata
481 4473 645 4551 memoria3
669 4474 701 4538 in
724 4472 866 4555 catalogo
889 4472 1095 4555 interpretum
1119 4471 1218 4550 Arati,
1242 4495 1333 4556 qnam
1356 4495 1393 4536 ox
1416 4472 1497 4535 libro
1519 4473 1669 4538 Vaticano
1688 4473 1846 4540 Victorius

316 4583 429 4660 edidit,
457 4581 511 4646 illc
538 4603 661 4666 quoque
684 4587 956 4655 commemoratum
983 4589 1017 4643 at
1042 4579 1108 4644 illic
1130 4603 1192 4645 non
1216 4587 1280 4644 tam
1307 4581 1504 4662 interpretes,
1531 4603 1709 4664 quantem,
1736 4585 1845 4664 quiin

317 4689 539 4756 commentario
563 4690 594 4751 in
618 4687 750 4752 Aratum
773 4690 948 4769 conscrIpto
972 4688 1124 4752 nominati
1147 4694 1251 4763 erant,
1275 4687 1442 4768 scriptores
1465 4689 1642 4754 enumerari
1666 4688 1727 4752 iam
1751 4711 1846 4771 snpra

317 4819 481 4826 -·—.-...-

403 4867 437 4932 ⁶⁴)
456 4867 510 4920 ooli
526 4867 662 4921 Schrader
679 4866 737 4934 poli
754 4864 826 4919 libri.

404 4955 437 5023 ⁵⁵)
457 4957 643 5010 Dubitandum
662 4973 715 5010 non
735 4963 784 5020 est,
805 4953 871 5022 quia
889 4953 930 5007 ita
948 4953 1057 5009 Grotius
1077 4964 1151 5010 recte
1171 4971 1219 5024 pro
1239 4971 1279 5016 eo,
1299 4953 1370 5023 qirod
1389 4951 1453 5007 libri
1468 4955 1578 5020 habent,
1598 4958 1681 5010 tertia
1695 4957 1843 5026 scripserit.

404 5045 437 5115 ⁶⁰)
456 5046 496 5102 Cf.
515 5047 669 5103 Volkmann
688 5047 722 5100 de
741 5045 842 5101 Suidee
862 5045 1046 5115 biographicis
1065 5046 1094 5100 in
1113 5047 1239 5116 Symbola
1258 5045 1456 5115 philologorum
1475 5046 1658 5100 Bonnensium
1677 5063 1703 5116 p.
1723 5046 1781 5102 122.
