3940 5790
215 447 313 500 Sonon.
333 445 426 500 Genu.
446 445 477 498 G.
497 461 522 515 p.
544 445 603 510 169,
623 445 664 500 18.
1110 443 1240 498 Hionios
1260 444 1294 509 11,
1312 445 1356 498 35.
1542 445 1600 508 171

908 1161 972 1226 Alii
1000 1166 1106 1226 autem
1133 1161 1215 1264 leoni
1244 1181 1353 1224 canem
1380 1180 1448 1225 esse
1473 1160 1561 1224 dixe-

864 1275 947 1344 runt,
970 1269 1009 1333 de
1031 1287 1095 1350 qno
1117 1271 1191 1332 mile
1214 1268 1361 1331 diximus.

1181 1479 1230 1543 ΙΙΙ,
1249 1479 1291 1534 34.

82 1597 108 1649 ιθ
157 1587 263 1653 Habet
281 1592 388 1652 nutem
401 1586 509 1652 stellae
522 1588 556 1650 in
570 1587 673 1670 eapite
687 1587 711 1664 Ι,
730 1609 811 1669 quae
909 1589 969 1654 Hie
991 1587 1085 1653 Canis
1104 1587 1201 1652 hebet
1219 1587 1252 1650 in
1270 1586 1378 1669 lingua
1395 1587 1518 1652 stellam
1536 1587 1561 1664 Ι,
1573 1597 1605 1650 10

116 1694 172 1760 lois
199 1694 330 1771 dieitur,
356 1695 487 1770 clarem,
513 1695 547 1758 in
574 1694 682 1776 lingua
708 1715 811 1771 unam,
865 1717 945 1778 quoe
967 1695 1060 1760 stelle
1082 1693 1177 1759 Oanis
1199 1692 1385 1776 adpellatur,
1409 1694 1562 1777 incapite

115 1822 205 1884 quam
223 1799 342 1866 Sirium
358 1801 409 1866 vel
422 1801 538 1866 Canem
556 1807 677 1878 vocent,
698 1821 813 1884 magna
865 1809 972 1868 autem
998 1801 1144 1876 alteram,
1171 1820 1265 1882 quam
1292 1800 1435 1864 nonnulli
1457 1799 1562 1866 Sirion

116 1908 239 1992 quidem
271 1915 319 1973 est
346 1913 379 1972 et
405 1906 583 1990 splendida,
612 1908 645 1972 in
668 1907 748 1974 eollo
772 1907 813 1982 ΙΙ,
866 1908 1035 1992 adpellant,
1054 1909 1091 1974 de
1110 1927 1172 1990 quo
1188 1907 1282 1986 prius
1301 1905 1448 1972 diximus.
1471 1929 1563 1992 proe-

116 2014 145 2076 in
174 2014 307 2098 singulis
338 2015 455 2078 umeris
487 2014 625 2098 singulas
656 2014 813 2092 obscurae,
866 2021 954 2080 terea
970 2015 1068 2080 hebet
1091 2015 1124 2080 in
1142 2015 1284 2096 utrisque
1300 2012 1431 2078 auribus
1456 2016 1563 2098 singu-

83 2122 145 2184 nin
167 2127 296 2206 pectore
323 2121 368 2197 11,
395 2121 427 2186 in
456 2121 608 2186 anteriori
635 2121 715 2205 pede
738 2120 813 2186 sini·
866 2122 914 2188 les
936 2121 1045 2188 stellae
1067 2120 1230 2197 obscurae,
1257 2123 1290 2183 in
1312 2127 1439 2203 pectore
1462 2120 1507 2197 ΙΙ,
1530 2122 1607 2184 iulo

116 2233 177 2292 stro
192 2227 252 2305 111,
270 2228 303 2291 in
322 2227 434 2292 dextro
448 2228 464 2293 Ι
478 2229 605 2305 claram,
621 2227 655 2292 in
672 2233 812 2293 extremo
865 2229 946 2313 pede
960 2227 1075 2311 'priori
1108 2226 1169 2303 ΙΙΙ,
1200 2228 1234 2291 in
1265 2226 1478 2310 intereoepilio
1506 2227 1564 2304 ΙΙΙ,

116 2355 207 2418 supra
229 2335 358 2402 dorsum
381 2333 442 2412 ΙΙΙ,
465 2335 498 2399 in
521 2339 628 2400 ventre
652 2331 693 2412 ll,
715 2334 748 2402 in
770 2335 813 2399 si·
866 2335 899 2399 in
922 2335 1049 2400 sinistro
1072 2333 1178 2400 lumbo
1196 2333 1222 2410 Ι,
1243 2335 1277 2398 in
1295 2335 1375 2417 pedo
1393 2332 1563 2416 posteriori

115 2443 212 2508 nietro
245 2441 363 2508 femore
396 2441 424 2518 Ι,
460 2442 493 2506 in
528 2442 697 2526 posteriori
733 2443 813 2526 pede
866 2441 890 2518 1,
921 2440 955 2506 in
987 2441 1067 2524 pedo
1098 2441 1210 2506 dextro
1234 2441 1261 2518 l,
1293 2442 1324 2504 in
1357 2441 1458 2506 cnudo
1490 2439 1562 2505 llll.

116 2550 241 2614 sinistro
261 2547 286 2626 Ι,
304 2549 338 2614 in
356 2548 537 2614 summitate
555 2549 672 2615 caudae
691 2549 714 2615 l.
732 2549 814 2614 fiunt
866 2549 993 2613 omnino
1016 2547 1101 2612 XIX.

81 2656 239 2722 loinsimul
262 2655 330 2720 XX.

107 3352 178 3406 Dedi
195 3369 230 3407 ex
251 3351 279 3405 S.
299 3352 330 3404 in
350 3350 375 3406 G
393 3351 460 3404 haee
477 3351 538 3404 sola
555 3350 637 3404 verba
661 3349 746 3402 habet
764 3365 812 3402 eu·
902 3366 928 3404 u
946 3349 1070 3404 auribus:
1090 3348 1153 3417 lepit
1172 3343 1256 3401 ὠτίου
1275 3366 1326 3415 pro
1344 3343 1431 3416 ω’μου.
1535 3365 1559 3403 re
1579 3348 1607 3402 in

80 3449 124 3494 ten
195 3440 344 3510 splendido
363 3445 473 3506 extant,
497 3440 602 3492 omissio
620 3438 647 3492 in
668 3437 759 3506 capite
778 3467 812 3476 -
867 3438 954 3492 cando
973 3439 1027 3490 llll
1047 3444 1079 3491 nt
1096 3438 1186 3490 nostri
1202 3437 1342 3505 Epitonoee
1360 3438 1465 3492 codices
1483 3442 1509 3490 et
1525 3437 1607 3490 schol.

80 3529 177 3582 claram,
206 3527 257 3582 eod
284 3545 346 3582 com
372 3529 440 3582 liaeo
462 3529 530 3582 sato
555 3533 685 3582 armate
708 3543 769 3579 eom
793 3525 815 3579 S
868 3527 957 3580 Germ.
984 3526 1050 3580 XIX
1069 3525 1109 3580 R:
1132 3525 1242 3580 debebat
1262 3527 1326 3590 XX,
1350 3525 1607 3592 penmanent,

80 3621 257 3686 consentiant,
296 3617 475 3670 Strozzianno
511 3622 601 3670 cetero
637 3631 745 3683 quoque
780 3631 813 3668 ex
868 3615 1039 3670 oedoolliet
1057 3615 1269 3668 compostellae
1287 3615 1493 3670 omissaenml.

81 3705 318 3774 Sanpermanemie
338 3706 484 3776 archetypo
502 3705 601 3758 holm
619 3705 735 3758 videtur.

109 3813 131 3850 ro
149 3796 174 3848 in
196 3797 294 3850 dextro
315 3796 326 3847 l
347 3795 461 3849 claram:
484 3795 602 3860 [mosee
617 3799 681 3862 post
701 3810 726 3848 re
744 3793 814 3861 potle

80 3883 179 3939 sinistro
199 3887 210 3939 l
231 3883 389 3938 traicienda
406 3889 481 3937 eunt.
