3906 5800
223 433 318 488 Senon
338 432 431 488 Genu.
451 433 482 486 G.
502 449 528 502 p.
549 433 609 498 129,
629 433 670 488 13.
1113 429 1242 484 Haemus
1261 427 1296 490 11.
1315 431 1358 486 23.
1562 431 1603 498 91

107 1051 118 1102 a
167 1039 286 1115 Sidera,
323 1059 404 1123 quae
435 1040 569 1123 gentiles
601 1060 749 1125 praesepe
782 1045 814 1106 ct
912 1039 948 1103 ln
967 1040 1035 1104 eius
1050 1039 1288 1106 deformationis
1302 1045 1392 1124 parte
1407 1048 1480 1106 sunt
1493 1039 1589 1126 qni-5

125 1148 224 1210 asinos
254 1153 454 1223 vocaverunt,
490 1154 564 1213 sunt
599 1147 657 1212 sub
694 1147 814 1212 Cancro
868 1145 940 1210 dam
960 1149 1013 1230 qui
1034 1147 1122 1213 Asini
1141 1147 1340 1232 adpellantnr
1357 1169 1377 1212 a
1396 1148 1511 1213 Libero
1529 1148 1562 1212 in

126 1255 296 1318 constituta.
868 1259 952 1318 testa
975 1253 1086 1320 Cancri
1110 1254 1232 1320 duabus
1255 1255 1354 1320 stellis
1377 1257 1503 1320 omnino
1526 1253 1562 1320 fi-

866 1361 980 1442 gurati.
1023 1361 1119 1426 Liber
1147 1361 1291 1426 animab
1314 1361 1433 1426 Iunone
1457 1361 1562 1427 lurore

866 1467 989 1532 obiecto
1003 1467 1120 1533 dicitur
1137 1467 1255 1552 fugisse
1273 1489 1330 1552 per
1343 1467 1562 1552 Thesprotiam

865 1575 1011 1658 cogitans
1034 1575 1073 1640 ad
1102 1575 1184 1640 lonis
1212 1574 1375 1640 Dodonaei
1403 1575 1607 1640 oraculnmld

864 1682 1037 1765 pervenire,
1056 1683 1139 1746 unde
1153 1687 1277 1766 peteret
1291 1702 1482 1766 responsum,
1501 1703 1563 1764 qno

864 1787 987 1854 facilius
1023 1791 1062 1853 ad
1099 1789 1268 1872 pristinum
1301 1794 1418 1854 statum
1449 1791 1564 1858 montis

863 1896 1050 1978 perveniret
1079 1895 1133 1960 sed
1153 1917 1222 1960 cum
1247 1896 1384 1960 veniisset
1401 1897 1442 1960 ad
1462 1917 1562 1980 qnan-

865 2002 937 2067 dam
959 2003 1106 2085 paludem
1130 2023 1286 2086 magnam,
1309 2023 1403 2087 quarn
1426 2004 1567 2068 transire

864 2130 927 2174 raon
945 2115 1059 2193 posset,
1078 2111 1117 2173 de
1136 2110 1324 2192 quibusdam
1343 2108 1447 2174 asellis
1462 2109 1562 2174 obviis
1574 2120 1607 2172 15

864 2215 1306 2282 faotisdiciturunnmeorum
1316 2217 1562 2300 deprehendisse

864 2329 897 2387 et
911 2325 957 2388 ita
971 2345 1038 2389 esse
1048 2331 1252 2402 transvectus,
1266 2332 1302 2389 ut
1311 2325 1437 2388 omnino
1447 2345 1561 2406 aquam

862 2451 925 2495 non
948 2417 1098 2514 tetigerit.
1138 2431 1246 2513 itaque
1269 2453 1340 2496 cum
1362 2431 1498 2496 venisset
1521 2431 1562 2496 ad

863 2539 1013 2622 templum
1032 2537 1115 2603 Ionis
1138 2537 1299 2603 Dodonaei
1320 2539 1426 2603 statim
1446 2537 1563 2603 dieitur

864 2645 968 2710 furore
997 2644 1148 2709 liberatus
1175 2644 1280 2710 asellis
1303 2646 1438 2730 gratiam
1461 2651 1607 2708 notin-20

862 2752 936 2816 lisse
955 2757 987 2815 ct
1006 2753 1089 2816 inter
1107 2757 1194 2816 astra
1211 2753 1396 2818 condonasse.
1420 2750 1560 2816 nonnulli

863 2860 958 2924 etiam
989 2859 1137 2923 dixerunt
1168 2861 1256 2924 asino
1284 2860 1345 2938 illi,
1376 2881 1439 2943 quo
1467 2858 1563 2923 fuerit

862 2973 978 3042 vectus,
991 2987 1098 3030 nocem
1111 2967 1281 3032 humanam
1295 2967 1426 3032 dedisse.
1453 2967 1562 3048 itaque

862 3095 934 3137 eum
952 3078 1063 3156 postea
1080 3095 1150 3137 cum
1169 3074 1285 3157 Priapo
1307 3074 1503 3138 contendisse
1522 3074 1561 3136 de

864 3189 977 3246 natrrra
999 3185 1032 3244 et
1055 3181 1202 3244 victorem
1227 3181 1267 3244 ab
1291 3199 1330 3244 eo
1351 3181 1606 3245 interfectum.25

862 3308 919 3370 pro
941 3308 1005 3370 quo
1024 3285 1174 3350 Liberum
1197 3289 1265 3351 eins
1288 3286 1450 3351 misertum
1468 3289 1501 3350 in
1519 3287 1562 3351 si-

863 3393 991 3458 deribus
1014 3395 1248 3468 adrrnmerasse3
1270 3397 1299 3456 et
1322 3397 1358 3456 ai
1375 3395 1508 3458 sciretur
1525 3394 1562 3456 id

860 3521 924 3581 pro
947 3500 1017 3578 deo,
1041 3520 1106 3564 aaa
1126 3521 1188 3581 pro
1209 3500 1332 3564 domine
1355 3500 1479 3578 tinaido,
1505 3502 1562 3582 qui

865 3608 1018 3671 [senonem
1045 3607 1176 3688 sapen,
1204 3607 1325 3686 secisse,
1350 3627 1452 3688 supra
1476 3605 1561 3672 Can·

864 3735 952 3778 canna
970 3715 1141 3792 constitnit,
1162 3715 1220 3796 qni
1238 3716 1306 3778 eins
1325 3715 1401 3778 deae
1415 3714 1606 3794 beneficio-‘30

863 3821 972 3901 suerat
990 3821 1120 3902 addans
1138 3822 1244 3884 aalma

900 4093 991 4156 spart
1018 4087 1120 4142 dicitur
1150 4088 1181 4141 in
1213 4087 1290 4141 libris
1317 4085 1462 4140 aronnallie
1489 4086 1606 4140 additur

863 4184 954 4230 mente
969 4183 1073 4246 captus,
1089 4193 1160 4244 qnae
1174 4193 1236 4230 cum
1251 4177 1283 4230 in
1292 4175 1364 4230 ΒΜι
1375 4175 1472 4245 desint,
1487 4175 1606 4230 delenda

862 4281 918 4318 ease
935 4270 1006 4318 reete
1023 4265 1123 4318 statuit
1141 4265 1310 4320 Bursianae.
1349 4284 1375 4322 ro
1394 4264 1535 4320 Dodonaei
1554 4282 1605 4320 om.

863 4353 896 4408 R.
917 4361 947 4408 nt
964 4372 988 4407 n.
1007 4353 1087 4408 schol.
1110 4353 1199 4408 Germ.
1251 4371 1277 4410 rs
1293 4360 1357 4422 post
1376 4354 1482 4408 asellis:
1501 4354 1606 4409 dnobus

861 4443 958 4512 BMP,
977 4443 1049 4496 idern
1066 4442 1097 4496 in
1115 4443 1143 4496 R
1161 4445 1278 4512 aliaeque
1296 4448 1361 4497 ante
1378 4443 1472 4498 asellis
1493 4442 1606 4513 legitur:

862 4531 996 4601 plneeerna
1018 4549 1073 4586 ense
1095 4532 1166 4585 cidit
1189 4531 1381 4603 Kieeslimiaa.
1423 4531 1510 4586 obviis
1529 4533 1604 4588 Bar-

863 4622 940 4674 sinni
957 4621 1027 4674 libri.
1047 4621 1154 4676 obviarn
1175 4621 1232 4675 alii.
1337 4639 1362 4677 ar
1381 4621 1505 4676 nonnulli
1524 4623 1605 4676 immo

91 4709 156 4762 iidem
181 4717 212 4764 al
238 4718 453 4766 consentaneam
481 4717 519 4765 cet
546 4717 571 4765 et
598 4727 633 4765 ea
658 4711 739 4766 schol.
770 4710 859 4766 Germ.
889 4711 982 4764 elucet.
1087 4727 1113 4766 aa
1141 4711 1271 4765 rictorem
1298 4711 1398 4779 aeripei
1424 4711 1494 4765 ‹ro-al.
1524 4711 1604 4764 Lace.

92 4797 173 4854 rictum
191 4801 259 4855 aare.
288 4802 344 4866 fuit
363 4817 425 4854 etim
444 4800 736 4854 eradicamentum
754 4817 805 4869 pro
823 4801 948 4870 pennino
966 4799 1091 4854 haberem
1110 4799 1189 4868 aprcd
1203 4799 1354 4854 Plnlaeenm
1372 4817 1431 4853 eam
1446 4801 1605 4854 canuaninis

92 4888 257 4944 caeninam
275 4890 361 4957 [nisse
380 4896 470 4960 raian,
489 4895 521 4944 nt
539 4893 625 4943 adulor
642 4891 744 4943 aidum
762 4891 942 4956 inter-imeret;
965 4895 1009 4958 al,
1029 4891 1137 4958 opiam
1156 4889 1209 4942 dac
1227 4889 1388 4944 condicione
1406 4906 1468 4943 cana
1487 4890 1537 4942 dec
1555 4891 1604 4942 im-

93 4977 183 5032 mortali
202 4997 237 5034 ae
259 4981 358 5034 amaus
376 4979 487 5046 quidem
505 4984 632 5034 natasset
655 4985 681 5032 et
695 4995 813 5047 prorata
831 4980 987 5032 necessaria
1006 4985 1045 5032 eet
1062 4978 1102 5032 rel
1119 4978 1150 5030 in
1168 4977 1268 5044 [abida
1287 4981 1411 5050 aalym'ea
1429 4977 1603 5048 ascanium.

23 5045 24 5070 ¹
94 5079 114 5118 a
123 5066 160 5134 qni
169 5071 264 5138 scripsi
269 5087 277 5123 :
296 5070 360 5140 quia
374 5069 444 5124 libri.
489 5086 516 5126 ao
534 5069 581 5139 qui
596 5069 655 5124 eius
669 5069 739 5125 deae
748 5069 860 5138 sempsit
879 5068 951 5138 qnod
962 5068 1030 5124 deae
1041 5067 1075 5122 a.
1087 5068 1133 5138 qni
1144 5067 1213 5124 deae
1223 5067 1317 5122 MPB.
1327 5069 1374 5138 qui
1385 5069 1443 5124 eius
1453 5067 1483 5122 D
1492 5070 1604 5136 aliique.
