3920 5806
367 449 430 514 198
611 450 751 505 mum.
1000 455 1099 509 Senos.
1110 458 1198 509 Δακτ.
1209 472 1233 508 v.
1244 455 1296 510 469
1306 470 1331 522 p.
1342 453 1385 520 94,
1395 453 1420 507 4.
1457 454 1557 508 Senon.
1568 452 1661 508 (im.
1671 453 1724 507 BP.
1737 469 1767 522 p.
1780 449 1844 516 104,
1857 452 1880 504 l.

237 623 344 679 XLIV
459 617 564 704 Οὗτος
585 630 731 734 γίνεται
735 629 771 694 ἐν
793 643 864 708 τοῖς
883 655 998 714 φαινο-
1133 625 1370 720 Ἐρατοσθένης
1463 631 1770 697 Οσ4οαάἰ4ιιταα4αια
1779 651 1866 694 unus

227 708 346 777 Κῦαλας
409 715 522 801 μένοις
544 710 725 796 κύκλοις·
713 711 753 784 dv
775 717 998 829 προσαγμριῦ-
1099 722 1135 787 δέ
1153 739 1247 828 φησι,
1252 729 1369 826 μυθι-
1423 723 1507 786 inter
1529 720 1660 786 circulos
1684 721 1783 796 caeli,
1810 720 1866 803 qui

215 802 357 872 γαλαξίας
412 809 510 872 εσθαί
543 825 635 910 φασι
655 811 822 892 γαλαξίαν.
870 804 911 876 οῦ
936 805 998 898 γὰρ
1098 819 1166 888 κῶς
1181 804 1284 878 αὐτὸν
1302 811 1369 919 ίξη-
1423 811 1542 875 lacteus
1582 816 1724 886 vocatur,
1775 808 1867 893 quod

411 893 486 982 ἐξῆν
500 887 657 974 τοῐςΔιός
671 893 756 974 υἱοῖς
740 907 825 1050 ἴτης
840 891 999 1010 οὐρανίου
1096 897 1271 985 γούμενος,
1303 893 1370 965 ὑπὸ
1424 900 1504 964 albis
1528 899 1664 964 nubibus
1688 900 1868 964 denotetur

384 993 503 1094 ῦτιμῆς
518 998 713 1094 μετασχεῖν,
723 985 751 1050 τί
764 984 808 1074 μή
823 1012 871 1066 τις
886 983 1000 1054 αὐτῶν
1070 998 1161 1054 ατοῦ
1192 999 1249 1076 τῆς
1274 982 1371 1076 Ἠρας
1424 989 1535 1053 circuit
1535 1011 1572 1052 us
1587 989 1662 1054 eius.
1677 989 1763 1073 quod
1780 988 1911 1051 lunos

413 1071 568 1180 θηλάσιιε
590 1098 652 1139 τον
637 1083 731 1188 της
743 1014 872 1183 Πραςμ
872 1075 998 1145 ιαστόν.
1097 1075 1261 1164 γάλακτος
1282 1103 1369 1163 γιγε-
1424 1079 1505 1142 Ιαοίσ
1528 1077 1675 1143 mamillis
1705 1077 1865 1142 effudisse

412 1158 528 1268 διόπερ
566 1165 650 1269 φασὶ
679 1187 741 1228 τον
769 1103 888 1269 166666
910 1162 1000 1274 μετὰ
1099 1173 1222 1255 νῆσθαι
1277 1168 1370 1275 ίκχν-
1425 1167 1553 1244 dicitur,
1593 1187 1664 1231 eum
1704 1167 1865 1242 audisset,

411 1246 473 1338 τὴν
486 1252 615 1336 γένεσιν
630 1245 878 1360 ἀνακομίσαι
842 1249 999 1366 τονᾙρα-
1099 1257 1232 1332 θέντος
1272 1251 1370 1361 ἢκου-
1425 1256 1589 1321 Herculem
1628 1277 1719 1320 suum
1755 1253 1864 1319 filium

411 1336 927 1445 κλίακαὶαροσσχεῑναῦτόντηῦ
944 1355 1001 1433 τῆς
1100 1365 1135 1412 σε
1169 1338 1236 1454 γὰρ
1273 1339 1371 1454 παρὰ
1425 1367 1487 1410 non
1510 1367 1585 1410 esse.

368 1421 501 1515 1οἨρας
522 1439 653 1538 μαστοῦ·
682 1423 743 1496 τὸν
769 1433 803 1497 δὲ
827 1413 1000 1540 θηλιίζιιν·
1057 1444 1160 1500 1οτου
1169 1429 1313 1541 Ερμον
1317 1459 1370 1501 οτι

412 1517 652 1625 ἐπινοήσασαν
661 1519 697 1585 δὲ
718 1513 781 1608 τὴν
793 1513 939 1628 Ἤρμν’
919 1549 1001 1589 ααο-
1100 1518 1162 1590 οὐκ
1178 1517 1313 1602 αλιος
1271 1549 1371 1611 αντης

412 1611 587 1674 σείσασθαι
610 1601 725 1689 αὐτόν,
748 1604 857 1675 καὶ
823 1606 932 1720 ούτιμς
951 1613 1001 1678 ι’κ-
1100 1615 1199 1679 ἐστίν.

410 1697 496 1805 ηαθέ
496 1720 575 1774 ντος
626 1707 688 1763 τοῦ
741 1698 1002 1803 περισσεύματος

412 1792 681 1894 ααοτελὲσθῆναι
730 1781 792 1855 τὸν
843 1793 1002 1875 γαλαξίαν

368 1889 403 1943 13
412 1871 548 1942 κνκλον

457 1964 613 2052 (Aesim.
628 1966 706 2030 Tse.
721 1987 758 2032 ια
772 1968 875 2033 Alme.
893 1991 923 2074 p.
941 1971 1001 2034 146

413 2059 449 2120 Ε.
473 2056 550 2138 περὶ
579 2055 614 2118 33
637 2051 761 2120 τούτου
789 2059 891 2142 φησὶν
913 2050 1002 2144 Ἐρα-

412 2143 577 2251 τοσθένης
605 2143 641 2208 ἐν
669 2152 717 2230 τοῦ
742 2148 1003 2248 Εαταστερισμῷ

412 2229 663 2340 μηθικαίτερον,
724 2226 787 2300 τὸν
844 2238 1003 2345 γαλαξίαν

369 2336 404 2389 20
414 2319 540 2388 κνκλον
564 2323 749 2429 γεγονέναι
783 2322 820 2388 ίκ
851 2333 914 2389 τοῦ
946 2333 1004 2411 τῆς

407 2403 505 2522 Ἥρας
530 2406 709 2495 γάλακτος·
742 2421 804 2478 τοῦ
826 2405 892 2523 γὰρ
912 2405 1003 2499 Ἡρα-

414 2497 573 2578 κλίσνς’
565 2496 613 2564 ἐτι
643 2498 839 2610 βρίηοας”
821 2526 919 2580 σντος
948 2505 1005 2568 καί

414 2580 475 2655 τὸν
492 2581 621 2674 μαστὸν
639 2597 709 2697 τῆς
709 2583 806 2677 Ἐρας
824 2591 1004 2658 ἐπισπασα-

413 2678 516 2786 μένου
580 2676 809 2792 σφοδρότερον
873 2681 1004 2768 ἐκείνην

371 2761 631 2848 θῦᾰντισπάσαι,
658 2771 715 2834 καὶ
742 2761 850 2848 οὕτως
872 2793 1003 2878 περιχυ-

415 2857 538 2933 θέντος
577 2865 640 2923 τοῦ
674 2854 839 2964 γάλακτος
879 2856 1005 2926 κύκλον

414 2946 572 3031 γενέσθαι
595 2947 767 3058 παγέντος.
797 2940 837 3014 τί
862 2949 897 3014 63
921 2943 1004 3015 αὐτὸ

416 3038 473 3102 καὶ
501 3035 542 3102 ἐπ
545 3039 557 3102 l
517 3045 645 3103 πτοῦ
664 3029 783 3123 Ἑρμοῦ
810 3037 917 3146 λέμει
918 3062 1005 3146 γεγε-

413 3133 541 3236 νῆσθαι
560 3118 806 3214 Ερατοσθὲνης,
829 3151 874 3206 ως
898 3153 962 3234 αρα
986 3121 1004 3194 ὃ

373 3228 408 3280 30
413 3210 528 3303 Ερμης
564 3223 626 3282 τοῦ
661 3225 790 3300 μαστοῦ
826 3225 884 3304 τῆς
909 3209 1006 3304 Ἥρας

418 3301 653 3389 6666666610.)
1473 3378 1536 3441 Alii
1555 3378 1662 3442 dicunt
1648 3383 1736 3460 iper
1750 3376 1806 3442 Sal
1792 3383 1857 3440 l·11r

1429 3490 1505 3531 num
1527 3466 1658 3542 sectum,
1686 3489 1754 3531 cum
1778 3467 1856 3548 lapi-

1429 3558 1500 3621 dem
1537 3556 1564 3619 ei
1598 3555 1662 3637 Ops
1698 3576 1755 3637 pro
1788 3556 1857 3618 Iove

1429 3645 1550 3720 attulit,
1573 3643 1678 3709 dicens
1701 3645 1761 3709 hoe
1783 3667 1857 3718 esse,
1866 3650 1895 3703 36

1429 3735 1513 3818 quod
1527 3733 1707 3816 peperisset.
1731 3735 1804 3815 quia
1817 3733 1856 3796 ob

1429 3831 1575 3888 naturam
1607 3821 1761 3886 Saturnus
1796 3843 1856 3886 non

1430 3912 1572 3977 erederet
1602 3932 1671 3976 eam
1694 3913 1856 3995 peperisse,

1430 4001 1577 4066 mamillis
1613 3999 1704 4064 elatis
1736 4021 1856 4084 expres-

1430 4092 1507 4154 sisse
1535 4096 1567 4154 et
1594 4089 1767 4154 ostendisse
1796 4089 1894 4153 lae-40

1430 4187 1495 4244 tem
1517 4180 1639 4243 iratam.
1663 4177 1793 4243 effusum
1812 4184 1857 4242 est

1431 4269 1526 4343 laet63
1559 4267 1644 4332 facta
1675 4274 1723 4332 est
1753 4267 1856 4332 eireuli

1430 4355 1495 4421 albi
1517 4356 1643 4440 speeies.

486 4603 554 4658 Vide
572 4603 813 4673 Ρτοίιμοιαακαμ.
833 4607 902 4657 296
1467 4604 1570 4657 electe
1586 4603 1693 4657 addidi.
1709 4604 1752 4657 lae
1768 4621 1790 4657 ε.
1825 4601 1891 4656 3313·

410 4671 582 4763 σθηλοίοειε
610 4674 752 4764 Ηιηκίααι
784 4671 904 4743 θηλάσιι
938 4675 1008 4728 ίιίαί.
1432 4676 1523 4744 pidem
1545 4674 1569 4728 ei
1589 4673 1645 4743 Ops
1664 4677 1693 4744 βε
1718 4675 1810 4742 lapide
1833 4686 1891 4726 mors

376 4765 388 4803 τ
406 4742 478 4814 μετὰ
496 4747 639 4817 Heynius:
658 4765 712 4801 οπο
731 4747 800 4800 heri.
869 4763 895 4800 is
916 4747 1009 4799 Εατα-
1432 4747 1466 4799 Β.
1482 4745 1573 4814 lapide
1592 4761 1680 4799 morso
1694 4744 1722 4798 P
1733 4746 1771 4810 (in
1786 4745 1890 4814 lapidem

377 4822 519 4891 στιρισμῷ
565 4817 762 4887 Koppiersiee:
805 4821 1009 4889 καταμερισμῷ
1432 4817 1487 4870 BP
1504 4818 1601 4886 priore
1624 4817 1693 4883 loco,
1717 4817 1766 4870 -ebi
1783 4818 1846 4869 ααιι
1862 4809 1891 4865 ad

376 4891 445 4944 lslm'.
1062 4889 1173 4942 verbum
1204 4889 1320 4956 repetita
1351 4895 1424 4943 sunt.
1457 4905 1481 4941 ν,
1508 4888 1648 4956 Βνοηοίηίί
1679 4887 1888 4948 adnotationem)
1942 4949 1943 4962 ρ

1062 4977 1089 5016 ιο
1108 4959 1173 5027 quia
1191 4961 1223 5030 βε
1241 4960 1287 5027 qui
1306 4959 1365 5014 BP.
1505 4975 1531 5014 ιο
1550 4960 1649 5013 lactem
1668 4959 1768 5013 iratam
1788 4977 1813 5013 ει
1832 4959 1888 5010 laete
1942 4973 1943 4994 ι

1063 5031 1162 5085 mirate
1180 5030 1239 5084 BP.
