3906 5800
296 433 397 487 Senon.
416 432 507 487 (issu
529 429 560 486 G.
584 449 609 501 p.
633 432 689 495 160,
709 433 750 486 20.

243 609 392 695 Aquilam
418 633 493 679 sano
519 611 603 676 inter
626 611 730 677 sidera
753 611 895 676 oonlooa-

200 723 265 782 tam
301 719 427 786 fabulae
468 719 574 785 ferunt
614 725 743 802 propter
782 718 894 785 lovem.

201 825 267 909 qui,
295 849 366 892 oum
393 828 438 893 dii
462 847 569 892 omnes
592 826 733 890 volueres
755 825 840 890 inter
863 847 895 890 se

203 931 392 1009 dividerent,
424 955 493 1000 eam
525 935 558 998 in
590 935 734 1018 portione
766 932 896 998 sortitus

175 1039 255 1116 osii,
278 1062 315 1106 eo
339 1041 422 1125 quod
449 1040 544 1106 allius
573 1041 692 1106 eunetis
716 1038 896 1104 volatilibus

201 1146 303 1212 evolet
326 1153 359 1212 el
380 1169 480 1232 paene
503 1149 586 1212 inter
609 1147 716 1212 omnia
737 1147 895 1230 principa-

201 1259 266 1317 tum
290 1259 404 1320 teneat.

244 1894 471 1962 Eratosthenes
493 1903 598 1962 autem
622 1895 727 1960 lovem
750 1896 782 1958 in
805 1895 893 1976 aqui-

200 2001 262 2066 lam
290 2001 545 2086 transfiguratum
574 2002 696 2066 Naxum
729 2003 896 2086 regionem,

160 2109 253 2173 15ubi
282 2111 420 2175 nutritus
452 2110 559 2187 fuerit,
591 2110 707 2192 petisse
740 2107 837 2174 refert
865 2115 896 2173 et

201 2237 330 2300 regnum
367 2216 586 2299 adsumpsisse.
629 2237 786 2299 egressum
822 2236 895 2280 sero

201 2323 240 2388 de
271 2323 362 2388 Naxo
394 2324 479 2406 apud
510 2322 640 2388 Titanas
677 2344 831 2406 pugnasse
864 2327 896 2387 et

200 2431 272 2494 ideo
295 2429 432 2512 aquilam
455 2430 539 2494 inter
560 2436 647 2494 astra
670 2431 854 2496 conlocasse.

245 3287 350 3352 Habet
373 3285 480 3351 stelles
498 3284 570 3324 *³²*

1198 432 1328 486 Hrorsus
1346 433 1381 496 ll,
1403 433 1442 488 16.
1631 434 1690 497 157

1722 611 1819 666 XXX.

1714 699 1827 768 Aquila.

994 613 1081 678 Haeo
1108 617 1156 678 est
1183 633 1263 695 quae
1290 611 1406 678 dieitur
1434 611 1646 695 Ganymedem

948 722 1089 804 rapuisse
1103 727 1136 785 et
1150 720 1269 785 amanti
1283 718 1349 784 lovi
1366 718 1548 794 tradidisse;
1566 719 1648 783 hane

950 829 1045 892 etiam
1072 826 1194 910 Iupiter
1220 827 1308 910 prius
1336 847 1375 890 ex
1402 826 1507 891 avium
1533 846 1647 908 genere

949 934 1010 1000 sibi
1042 934 1194 1017 delegisse
1226 933 1431 998 existimatur.
1474 954 1553 1017 quae
1581 933 1648 998 sola

948 1042 1070 1108 tradita
1097 1047 1145 1106 est
1172 1040 1340 1105 memoriae
1363 1046 1472 1105 eontra
1495 1040 1569 1105 solis
1592 1061 1646 1104 ex·
1674 1048 1692 1102 ὁ

949 1147 1079 1214 orientis
1106 1148 1212 1214 radios
1235 1148 1423 1213 contendere
1445 1147 1557 1213 valere.
1587 1146 1647 1213 ita-

948 1277 1010 1340 que
1041 1277 1138 1340 supra
1169 1255 1343 1337 Aquarium
1369 1254 1476 1320 volare
1507 1252 1646 1331 videtum

949 1363 1033 1429 huno
1051 1363 1135 1428 enim
1153 1361 1329 1445 complures
1348 1362 1561 1446 Ganymedem
1581 1382 1647 1428 esse

948 1468 1115 1535 finxerunt.

995 1896 1222 1980 Aglaosthenes
1240 1904 1346 1960 autern
1365 1897 1419 1980 qui
1432 1895 1553 1960 Naxica
1571 1897 1646 1960 sori·

948 2006 1020 2087 psit,
1038 2005 1084 2068 ait
1099 2002 1204 2067 Iovem
1219 2002 1311 2067 Crete
1324 2001 1508 2085 subreptum
1522 2002 1647 2067 Naxum

949 2111 1089 2177 delatum
1108 2115 1140 2176 et
1157 2110 1203 2174 ibi
1222 2131 1289 2175 esse
1308 2111 1471 2174 nutritum
1491 2111 1545 2192 qui
1560 2115 1646 2193 post-
1658 2118 1691 2171 15

949 2240 1042 2302 quam
1073 2218 1251 2301 pervenerit
1282 2217 1323 2281 ad
1354 2215 1476 2280 virilem
1509 2223 1646 2281 aetatem

949 2330 981 2389 et
1021 2325 1155 2390 voluerit
1194 2322 1279 2390 bello
1319 2322 1471 2389 lacessere
1507 2323 1646 2400 Titanas,

949 2430 1139 2501 sacrificanti
1157 2431 1186 2494 ei
1204 2431 1343 2513 aquilam
1357 2431 1565 2514 auspicatam
1584 2451 1645 2514 quo

948 2539 1088 2622 auspioio
1111 2560 1200 2602 usum
1217 2559 1290 2612 ¹ease
1313 2543 1345 2602 et
1368 2559 1437 2602 eam
1455 2540 1537 2602 inter
1560 2543 1647 2602 astra

947 2646 1133 2712 oonlooesse.
1655 2653 1691 2707 20

1266 3181 1314 3244 111,
1335 3181 1376 3236 15.

993 3338 1052 3353 ...
1075 3288 1195 3354 habens
1222 3289 1256 3352 in
1284 3289 1387 3372 eapite
1415 3286 1539 3372 stellam
1562 3284 1591 3363 l,
1613 3285 1646 3349 in

948 3400 1082 3478 utraque
1105 3416 1209 3478 penna
1231 3394 1256 3470 1,
1279 3396 1312 3460 in
1335 3394 1436 3460 cauda
1458 3393 1481 3458 I.

950 3591 1028 3644 XXX
1047 3591 1237 3646 Tnsnmoms:
1258 3588 1332 3642 Sero.
1353 3589 1422 3641 Arm.
1443 3587 1462 3640 1
1478 3590 1540 3640 394.
1560 3585 1609 3638 IX
1626 3589 1688 3640 564.

983 3698 995 3736 s
1024 3680 1099 3748 prius
1130 3679 1242 3748 scripsi:
1273 3678 1377 3746 primus
1412 3677 1440 3730 V.
1474 3676 1591 3746 primurn
1624 3674 1688 3728 Do.

948 3787 961 3823 4
975 3769 1110 3836 delegisse
1125 3767 1225 3822 Dor.-
1243 3767 1373 3820 dilexisse
1388 3767 1422 3819 R.
1459 3783 1472 3820 o
1491 3764 1582 3818 valere
1599 3763 1690 3818 PRV:

949 3858 1042 3912 volare
1061 3857 1098 3912 D.
1163 3873 1195 3912 rs.
1208 3875 1233 3912 ro
1252 3862 1395 3926 postquam
1415 3853 1625 3925 pervenerit-
1645 3870 1690 3907 vo-

949 3947 1032 4002 luerit
1067 3945 1168 4000 DGV:
1204 3963 1264 4000 cum
1302 3943 1427 4014 pervenit
1463 3974 1497 3982 -
1535 3943 1619 3996 voluit
1656 3939 1689 3994 lt.

949 4054 975 4091 rs
994 4036 1160 4091 sacrificanti
1179 4035 1279 4088 DGV:
1297 4034 1332 4088 ad
1351 4031 1560 4087 sacrificandum
1580 4029 1614 4084 R.
