3920 5806
1542 385 1606 450 223

7 611 12 653 ι
63 551 116 626 τὸν
134 559 365 648 Κένταυρον)
387 561 448 648 μέν
473 550 535 629 οὖν
551 553 734 648 Ἕρμιππος
754 558 909 648 Χείρωνά
932 579 1034 650 φησιν
1057 557 1152 644 εἶναι,
1174 555 1214 630 τὸ
1238 563 1274 630 δὲ
1296 563 1420 650 θηρίον
1440 559 1607 648 σύμβολον

7 655 12 713 ²1
61 663 172 753 θήρας,
196 657 242 732 τὸ
273 667 315 734 δέ
336 665 501 757 Θοτήριον
524 677 585 735 τοῦ
604 669 740 757 Πηλέως
761 665 868 754 γάμου
892 683 1034 758 σημεῖον.
1068 671 1236 737 Chironem
1259 673 1356 754 igitur
1379 670 1466 737 Pelei
1488 672 1607 755 nuptiis

9 788 12 873 ξ
61 775 334 841 intervenientem
356 777 547 862 Hermippus
571 779 603 842 in
626 778 711 842 caelo
733 778 909 860 indagarit3
932 777 992 845 hoc
1015 781 1098 843 enim
1121 778 1311 844 Centaurum
1335 784 1368 843 et
1392 778 1488 844 Aram
1510 779 1606 864 signi-

8 912 12 948 :
60 880 160 958 ficare3
186 903 280 966 quae
307 885 529 968 interpretatio
552 887 656 949 nescio
679 906 720 948 an
743 905 851 950 ansam
874 884 964 952 nobis
986 885 1139 968 praebeat
1156 885 1197 950 ad
1218 885 1282 950 alia
1299 907 1423 968 quoque
1442 885 1607 970 Hermippi

9 978 13 987 ¹
60 989 239 1072 fragmenta
266 991 304 1054 in
323 991 441 1076 Hygini
460 991 640 1073 astrologia
663 991 935 1075 deprehendenda.
967 993 1034 1058 illio
1057 993 1140 1058 enim
1163 992 1257 1058 1115
1279 999 1440 1058 auctorem
1462 993 1607 1074 aliquem,

10 1135 11 1138 =
59 1097 140 1160 cuius
165 1118 298 1162 nomen
320 1097 498 1164 adscribere
525 1098 668 1183 Hyginus
695 1098 920 1182 praetermisit,
947 1097 1102 1182 Sagittam
1129 1120 1188 1184 pro
1215 1121 1253 1164 ea
1280 1099 1428 1165 habuisse
1450 1106 1607 1177 narratur,

60 1225 115 1286 qua
139 1203 311 1269 Hercules
333 1204 472 1288 aquilam
495 1204 673 1270 Promethei
696 1205 864 1284 interfecit,
887 1206 973 1270 cuius
996 1206 1130 1272 historia
1152 1205 1276 1290 longius
1295 1206 1489 1272 inlustratur.
1512 1203 1608 1288 atque

60 1309 79 1373 ri
97 1311 172 1392 quis
192 1317 370 1394 poetarum
386 1311 670 1378 Alexandrinorum
683 1313 716 1376 in
735 1311 889 1378 sideribus
907 1311 1154 1396 interpretandis
1173 1313 1260 1378 lusus
1279 1313 1403 1396 penitus
1418 1313 1607 1396 cognoverit,

59 1417 80 1480 is
102 1438 169 1481 non
193 1439 304 1481 unum
327 1425 461 1495 tantum,
484 1419 538 1483 sed
562 1419 722 1502 complura
744 1419 849 1484 sidera
872 1420 964 1485 simul
987 1442 1026 1484 ex
1048 1421 1106 1484 tali
1124 1419 1232 1484 fabula
1255 1419 1403 1504 explicari
1422 1419 1521 1484 solere
1543 1441 1607 1484 non

10 1551 11 1562 ν
59 1523 193 1606 ignorat.
231 1524 347 1607 itaque
379 1526 433 1609 qui
462 1525 605 1590 Herculis
637 1526 784 1609 sagittam
817 1525 850 1590 in
881 1527 967 1592 caelo
995 1547 1063 1592 esse
1095 1524 1200 1604 finxit,
1232 1533 1446 1610 exspectamus
1473 1527 1607 1592 eundem

8 1648 15 1700 ;
59 1629 146 1694 nobis
172 1635 208 1694 et
234 1653 322 1709 eum,
344 1636 397 1715 qui
421 1633 543 1698 miserit
566 1632 723 1716 sagittam,
746 1639 778 1697 ot
801 1653 879 1710 eum,
902 1634 936 1697 in
954 1655 1046 1716 quem
1065 1635 1160 1698 missa
1182 1635 1233 1710 sit,
1255 1635 1338 1699 inter
1356 1634 1460 1700 sidera
1478 1634 1606 1699 demon·

8 1701 14 1793 i
61 1741 241 1802 straturum
275 1760 351 1804 esse.
385 1739 489 1806 nullus
517 1739 615 1822 igitur
642 1738 765 1816 dubito,
793 1741 867 1822 quin
895 1739 935 1817 is,
959 1739 1012 1824 qui
1040 1739 1195 1822 Sagittam
1217 1741 1363 1806 Herculis
1391 1760 1458 1805 esse
1473 1740 1606 1818 dixerit,

61 1844 221 1926 Aquilam,
248 1867 334 1928 quae
357 1865 453 1931 supra
475 1845 630 1930 Sagittam
653 1845 759 1910 volans
783 1847 814 1910 in
838 1847 993 1912 sideribus
1015 1847 1119 1930 posita
1142 1853 1199 1923 est,
1221 1868 1280 1930 pro
1303 1847 1409 1930 aquila
1426 1846 1606 1912 Promethei

62 1949 226 2028 habuerit3
270 1973 352 2034 quae
384 1953 541 2018 sententia
572 1953 695 2036 egregio
722 1951 924 2018 confirmatur
955 1954 1073 2020 scholio
1103 1956 1144 2019 ad
1172 1953 1267 2019 Rhesi
1301 1975 1424 2018 versum
1455 1953 1519 2018 529
1547 1953 1605 2018 ad-

8 2093 9 2096 =
62 2058 192 2140 scripto:
230 2049 333 2136 ἇετός
362 2059 397 2124 δὲ
421 2051 439 2124 ὃ
463 2051 503 2125 τὸ
530 2048 619 2146 ἧπαρ
646 2067 708 2124 τοῦ
731 2058 938 2146 Προμηθέως
967 2059 1108 2138 ἐσθίων,
1139 2053 1185 2138 ὥς
1211 2061 1293 2142 φασί
1319 2083 1415 2137 τινες.
1449 2058 1606 2144 Sagittam

63 2171 187 2242 autem,¹
201 2186 290 2249 quae
314 2186 334 2230 a
353 2165 538 2231 Germanico
560 2166 714 2231 incertum
737 2187 799 2246 quo
818 2187 916 2232 cornu
934 2168 1032 2232 missu
1050 2168 1175 2244 dicitur,
1197 2175 1233 2231 ut
1251 2190 1271 2232 a
1288 2167 1460 2253 Sagittario
1478 2169 1605 2232 missam

63 2267 118 2332 tibi
140 2267 265 2354 fingas,
287 2273 451 2356 utriusque
474 2273 586 2338 sideris
608 2273 723 2357 positio
745 2273 831 2339 ultro
854 2274 986 2338 suadere
1007 2275 1146 2352 videtur3
1169 2279 1263 2359 atque
1282 2295 1321 2339 ne
1340 2273 1530 2358 Sagittarius
1547 2294 1605 2357 pro

66 2374 199 2442 Hercule
223 2377 399 2456 habeatur,
426 2378 527 2464 figura
549 2401 624 2444 sane
647 2380 759 2444 sideris
782 2379 949 2462 prohibere
972 2381 1110 2456 ridetur3
1133 2385 1167 2446 at
1188 2381 1266 2463 quid
1293 2385 1354 2458 est,
1382 2383 1466 2465 quod
1493 2387 1605 2466 poetae

68 2483 281 2550 alexandrini
313 2485 469 2570 elegantia
499 2493 555 2551 aut
587 2487 742 2570 explicare
774 2487 928 2570 sagaciter
959 2493 1016 2552 ant
1047 2487 1147 2553 facete
1175 2509 1323 2553 excusare
1351 2489 1507 2571 nequeat?
1547 2509 1605 2554 nec

67 2587 280 2656 Prometheus
308 2594 409 2668 deest;
436 2613 509 2657 nam
536 2614 605 2658 cum
633 2594 776 2676 Hyginus
798 2593 830 2657 Il
853 2594 873 2658 6
896 2616 926 2677 p.
949 2593 1003 2668 42,
1021 2593 1063 2658 23
1091 2595 1130 2659 de
1159 2593 1359 2661 Geniculario
1383 2595 1514 2660 scribat:
1545 2593 1606 2658 olii

70 2694 316 2763 Prometheae
338 2704 440 2763 moute
467 2697 608 2766 Carwaso
631 2702 783 2777 mucium,
811 2701 892 2766 hanc
915 2700 1154 2784 exphcationcm
1180 2701 1221 2766 ab
1250 2701 1361 2766 eodem
1382 2707 1510 2767 auctore
1532 2721 1605 2784 pro-

7 2797 8 2800 ’
69 2802 283 2884 inclamasse,
307 2807 450 2890 quemin
468 2808 571 2890 capite
593 2805 632 2870 15
652 2807 810 2884 exscribit,
833 2829 926 2890 quam
945 2809 1079 2874 maxime
1098 2814 1146 2872 est
1164 2807 1335 2891 probabile.
1369 2813 1464 2891 atque
1483 2813 1607 2872 constat

69 2909 150 2976 Pelei
175 2920 211 2978 et
236 2913 381 2978 Thetidis
408 2913 535 2997 nuptias
563 2934 631 2977 cum
654 2913 832 2979 Promethei
856 2913 921 2978 fato
945 2919 1031 2980 arcte
1055 2915 1236 2992 cohaerere,
1264 2915 1348 2980 illius
1371 2914 1454 2982 enim
1477 2913 1605 2980 oonsilio

68 3021 258 3085 conciliatae
290 3027 370 3085 sunt.
407 3018 469 3102 quo
497 3020 627 3085 consilio
660 3027 692 3084 et
719 3022 853 3085 maximo
884 3021 1025 3103 periculo
1053 3020 1160 3086 Iovem
1188 3021 1302 3086 liberat
1334 3027 1366 3086 et
1393 3043 1464 3086 oum
1490 3020 1545 3084 illo
1573 3021 1606 3084 in
1682 3051 1687 3060 ,

69 3128 205 3205 gratiam
235 3127 329 3191 redit.
361 3127 515 3192 maximae
538 3127 673 3209 denique
700 3126 759 3192 hac
786 3129 819 3192 in
842 3148 875 3191 re
902 3133 1009 3210 partes
1032 3133 1106 3192 sunt
1129 3127 1289 3205 Chironis,
1316 3127 1432 3212 quippo
1454 3127 1507 3210 qui
1531 3127 1605 3193 Pro·

70 3233 185 3298 mathei
210 3235 282 3299 loeo
305 3235 345 3298 ad
368 3233 563 3299 moriendum
586 3234 670 3298 ultro
693 3255 726 3297 se
750 3233 872 3310 offerat,
894 3255 934 3298 ne
957 3235 1040 3299 loris
1063 3233 1159 3299 verba
1181 3236 1279 3298 inrita
1302 3232 1387 3298 fiant
1419 3233 1507 3298 vides
1528 3233 1606 3298 haec

71 3340 174 3404 omnia
203 3340 323 3424 optime
350 3341 434 3406 inter
461 3361 494 3404 se
524 3341 704 3418 cohaerere,
729 3347 766 3405 ut
793 3341 944 3425 suspicari
971 3341 1077 3416 liceat,
1104 3342 1159 3424 qui
1187 3340 1341 3424 Sagittam
1370 3341 1411 3405 ad
1437 3341 1605 3405 Herculem

73 3446 258 3522 rettulisset,
277 3447 410 3512 eundem
425 3449 521 3512 etiam
536 3447 725 3512 Centaurum
745 3469 802 3530 pro
818 3448 961 3524 Chirone,
980 3447 1076 3512 Aram
1095 3469 1152 3530 pro
1166 3447 1251 3511 Pelei
1270 3448 1449 3529 nuptiarum
1465 3446 1605 3530 symbolo

7 3597 8 3610 ,
72 3549 318 3636 interpretatum
350 3575 423 3619 esse.
461 3576 541 3639 quae
574 3555 709 3636 suspicio
741 3555 802 3618 nisi
829 3554 925 3631 fallit,
956 3554 1063 3637 lepida
1094 3555 1149 3617 illa
1176 3553 1215 3618 de
1243 3552 1366 3650 Sagitta
1398 3553 1538 3618 narratio
1566 3575 1605 3617 ex

7 3655 9 3732 J
75 3653 246 3744 Hermippo
269 3657 372 3736 fluxit3
396 3666 490 3745 atque
513 3669 588 3725 nota
611 3682 703 3744 quam
726 3659 806 3726 bene
825 3659 1008 3727 Callimachi
1032 3659 1185 3744 discipulo
1208 3661 1304 3736 varia,
1327 3659 1440 3742 quibus
1464 3661 1604 3727 narratio

7 3757 8 3780 ³
73 3761 124 3827 illa
147 3774 259 3844 scatet,
282 3765 371 3831 αἴτια
393 3768 586 3832 conueniant.
618 3775 755 3832 ceterum
779 3767 816 3832 cl.
839 3768 1064 3851 Prolegomena
1085 3789 1113 3852 p.
1139 3767 1156 3830 7
1181 3767 1252 3831 adn.
1279 3767 1327 3832 10.

6 3977 8 4014 l

6 4069 8 4138 l

160 3873 208 3938 Ut
231 3894 304 3938 vero
324 3873 522 3956 Hegesianax
545 3875 585 3939 ad
608 3874 721 3940 heroas
744 3876 875 3951 Atticos,
897 3875 943 3938 ita
965 3874 1154 3958 Hermippus
1177 3873 1217 3939 ad
1241 3895 1293 3940 eos
1315 3873 1512 3957 potissimum
1535 3895 1605 3938 cum

76 3975 146 4043 deos
169 3988 240 4045 tum
261 3982 375 4048 heroas
396 3982 570 4064 respexisse
592 3981 730 4056 videtur,
757 3982 811 4063 qui
832 3983 930 4046 vitam
953 3982 1122 4046 humanam
1145 3981 1231 4046 cultu
1253 3985 1348 4062 atque
1371 3979 1492 4044 artibus
1515 4000 1605 4044 exor-

75 4093 242 4164 naverunt,
268 4088 354 4152 velut
380 4087 572 4172 Apollinem,
604 4087 766 4164 Liberum,
798 4088 998 4164 Promethea,
1029 4088 1222 4172 Polymelum
1249 4088 1383 4170 denique
1411 4093 1442 4151 et
1469 4086 1604 4151 Plutum.

7 4229 8 4258 ;
77 4197 213 4259 ceterum
247 4194 334 4258 nulla
369 4201 417 4260 est
452 4215 560 4270 causa,
596 4217 650 4260 cur
686 4195 770 4260 hunc
805 4194 1022 4279 Φαινομένων
1054 4201 1213 4261 auctorem
1246 4195 1401 4259 diversum
1433 4192 1604 4258 habeamus

6 4347 8 4390 3
76 4315 95 4360 a
123 4301 289 4368 notissimo
320 4301 375 4367 illo
408 4301 591 4368 Callimachi
623 4302 785 4386 discipulo.
816 4323 875 4386 pro
907 4304 1015 4367 eodem
1047 4302 1145 4368 habet
1175 4300 1374 4379 Lerinslsius,
1405 4298 1459 4384 qni
1485 4299 1604 4382 primus

78 4401 239 4492 Hermippi
274 4407 450 4491 fragmenta
486 4408 629 4492 conlegit.
676 4409 805 4474 Carolus
841 4408 990 4474 Miillerus
1026 4407 1059 4473 F.
1087 4408 1124 4474 G.
1151 4408 1190 4473 Η.
1218 4408 1266 4472 lll
1294 4431 1322 4492 p.
1349 4406 1406 4483 54,
1442 4408 1497 4490 qui
1528 4407 1604 4472 satis

80 4581 285 4596 ψ

80 4687 112 4740 cf.
131 4691 257 4761 hymnum
277 4693 450 4748 Homericum
470 4693 499 4747 in
518 4692 683 4763 Apollinem,
704 4711 784 4763 quern
802 4693 970 4764 Hermippus
989 4699 1053 4747 ante
1072 4693 1164 4748 oculos
1183 4693 1313 4747 habuisse
1332 4692 1451 4761 videtur,
1469 4709 1494 4746 r.
1513 4691 1565 4746 399
1584 4708 1604 4745 s.

601 4777 690 4853 αὐτὰρ
709 4777 724 4836 ὃ
744 4789 817 4838 τοῖσι
836 4778 989 4852 συνήντετο
1012 4783 1116 4853 Φοῖβος
1137 4777 1286 4836 Ἀπόλλων’

444 4867 475 4925 ἐν
493 4866 589 4946 πόντῳ
608 4867 635 4926 d'
656 4865 797 4942 ἐπόρουσε
817 4869 902 4939 δέμας
920 4873 1028 4940 δελφῖνι
1047 4866 1148 4935 ἐοικώς

443 4958 491 5030 νηῒ
507 4964 571 5030 θοῇ,
591 4963 640 5016 καὶ
658 4968 736 5016 κεῖτο
755 4958 852 5032 πέλωρ
869 4957 944 5031 μέγα
963 4979 994 5015 τε
1013 4955 1105 5014 δεινόν
1124 4977 1162 5015 τε.
