3920 5806
203 444 302 498 Senon.
322 441 415 498 Genu.
434 443 466 496 G.
486 458 511 512 p.
533 442 592 506 169,
612 442 653 497 18.
1099 439 1229 493 Hrorros
1248 439 1282 505 ΙΙ,
1301 439 1344 493 35.
1531 439 1589 502 171

897 1158 961 1223 Alii
989 1162 1095 1223 eutem
1122 1156 1205 1260 Ioeri
1233 1175 1342 1220 oanem
1369 1175 1437 1220 osse
1463 1155 1550 1219 dixe-

854 1272 937 1342 runt,
960 1266 998 1330 de
1020 1285 1084 1347 quo
1107 1268 1180 1328 were
1203 1264 1351 1328 dirimere.

1170 1475 1220 1540 111,
1238 1475 1281 1528 34.

72 1596 98 1648 ιθ
147 1586 253 1652 Habet
270 1591 378 1650 autom
391 1585 499 1650 stellae
512 1585 546 1650 in
560 1585 662 1668 capite
676 1585 701 1662 Ι,
719 1606 800 1667 queo
898 1587 959 1650 Hie
981 1584 1075 1650 Canis
1093 1583 1191 1648 habet
1209 1583 1242 1647 in
1260 1581 1368 1664 lingua
1385 1581 1508 1647 stollam
1526 1581 1551 1659 Ι,
1562 1593 1595 1644 10

18 1772 22 1787 Ι
107 1693 162 1760 [sis
189 1693 320 1770 dieitur,
346 1693 476 1768 olorem,
503 1693 537 1756 in
563 1691 672 1774 lingna
698 1713 801 1768 unam,
855 1714 935 1776 queo
957 1692 1050 1756 stella
1072 1690 1166 1756 Oanis
1188 1688 1376 1772 adportatur,
1398 1688 1552 1772 incapite

106 1821 195 1883 quam
213 1797 332 1864 Sirium
349 1800 399 1865 rol
412 1799 528 1866 Canem
546 1805 667 1876 vocant,
688 1819 803 1882 magna
854 1805 961 1866 autom
988 1798 1134 1873 alteram,
1161 1816 1254 1878 quam
1282 1795 1425 1860 nonnulli
1448 1795 1552 1861 Sirion

17 1941 22 2021 p
106 1907 229 1991 quidem
261 1914 309 1972 ost
337 1911 369 1971 ot
395 1905 573 1989 splendida,
602 1906 635 1970 in
658 1906 738 1972 collo
762 1905 803 1980 11,
856 1905 1025 1990 adpellant,
1043 1905 1081 1970 de
1100 1923 1162 1988 quo
1178 1903 1272 1982 prim
1291 1901 1438 1967 diximus.
1461 1924 1553 1986 preo-

17 2036 22 2105 ἶ
106 2014 136 2076 in
164 2013 298 2097 singulis
328 2014 445 2078 umeris
477 2012 615 2096 singulas
646 2012 804 2090 obscures,
856 2017 944 2078 terea
960 2011 1059 2077 habet
1081 2011 1113 2076 in
1131 2011 1273 2092 utrisque
1290 2008 1421 2074 auribus
1446 2011 1553 2094 singu-

17 2159 18 2214 p
73 2131 97 2182 15
106 2121 136 2184 in
158 2126 286 2205 pectore
313 2119 357 2196 11,
385 2120 417 2185 in
446 2119 597 2184 anteriori
625 2119 704 2203 pede
728 2118 804 2184 sini·
857 2120 904 2185 las
926 2119 1035 2184 stollas
1057 2116 1220 2194 obscuros,
1248 2118 1280 2179 in
1302 2121 1430 2199 poetore
1452 2116 1497 2194 ΙΙ,
1520 2117 1552 2180 in
1564 2127 1597 2179 15

18 2284 21 2301 ,
106 2233 169 2292 stro
183 2226 242 2304 111,
260 2228 293 2291 in
312 2227 424 2292 dextro
438 2226 453 2291 I
468 2227 594 2303 olorem,
612 2226 645 2291 in
662 2231 803 2292 extremo
856 2226 936 2310 podo
951 2224 1066 2308 'priori
1097 2222 1159 2299 ΙΙΙ,
1190 2222 1224 2287 in
1255 2221 1468 2305 intersoepilio
1495 2222 1553 2300 111,

107 2356 199 2418 snpra
221 2334 348 2400 dorsum
371 2332 433 2410 111,
455 2333 488 2398 in
511 2339 619 2399 ventre
642 2330 683 2411 ΙΙ,
705 2333 738 2401 in
760 2334 803 2398 ni·
856 2333 889 2396 in
912 2332 1039 2398 sinistro
1063 2329 1169 2396 lumbo
1187 2330 1212 2407 Ι,
1234 2331 1267 2394 in
1285 2331 1365 2413 podo
1384 2327 1553 2412 posteriori

107 2443 204 2508 nistro
235 2441 354 2506 femore
386 2441 414 2518 Ι,
450 2441 483 2505 in
519 2441 688 2524 posteriori
723 2440 803 2524 pedo
856 2438 881 2516 Ι,
912 2439 946 2503 in
977 2438 1057 2522 pede
1088 2438 1200 2502 dextro
1224 2438 1252 2514 Ι,
1284 2438 1315 2500 in
1348 2437 1449 2501 cauda
1479 2434 1553 2500 1111.

108 2550 232 2614 sinistro
251 2548 276 2626 Ι,
294 2549 328 2614 in
346 2547 527 2614 summitate
545 2547 663 2614 caudeo
681 2548 704 2613 Ι.
722 2547 804 2612 fiunt
857 2546 984 2611 omnino
1007 2543 1092 2608 XIX.

12 2743 13 2746 Ἴ
74 2656 230 2722 ninimul
253 2655 320 2720 XX.

104 3352 172 3406 Dedi
188 3369 222 3407 ex
241 3351 270 3405 S.
290 3351 321 3404 in
341 3351 366 3404 G
384 3351 451 3404 haee
468 3351 529 3414 solo
546 3350 628 3404 verbo
653 3348 737 3402 hebet
755 3363 802 3401 eu·
893 3365 919 3402 rr
938 3347 1061 3402 auribus:
1081 3346 1145 3415 lepte
1163 3341 1248 3399 ritino
1266 3363 1317 3413 pro
1336 3341 1422 3412 w'pon
1525 3361 1551 3399 ro
1570 3343 1599 3397 in

18 3443 19 3447 ’
80 3449 121 3493 ten
189 3440 335 3510 splendide
354 3446 464 3506 entant,
489 3439 593 3493 menso
611 3437 638 3490 in
659 3436 750 3505 eapite
770 3466 803 3474 -
858 3433 1598 3502 caude1111utoostriEpitomeecodr'oeseteohol.

17 3525 18 3530 ’
80 3528 172 3582 claram.
200 3529 248 3582 sed
275 3545 337 3582 com
364 3529 431 3582 hoec
453 3529 522 3582 satis
546 3532 676 3582 armate
699 3541 760 3578 eum
784 3522 806 3578 S
860 3525 948 3578 Germ.
976 3525 1042 3578 XIX
1060 3523 1101 3577 R:
1123 3523 1233 3577 debebat
1253 3524 1317 3588 XX,
1342 3529 1373 3578 ut
1390 3521 1598 3588 Domator,

79 3621 248 3686 consentiant,
287 3617 466 3672 Strozziaeue
502 3623 592 3670 cetere
628 3630 736 3682 quoque
771 3629 804 3666 en
859 3613 906 3667 sed
925 3613 988 3666 rolli
1005 3619 1030 3666 et
1048 3613 1150 3666 veniret
1168 3612 1261 3666 stellae
1279 3613 1394 3666 omissae
1411 3617 1484 3666 eunt.

79 3704 309 3774 Sanpermeneosie
328 3707 476 3776 archetypo
494 3705 592 3758 habere
610 3703 726 3758 videtur.

107 3812 128 3850 re
144 3797 169 3849 in
190 3797 285 3850 dextro
306 3797 317 3848 l
338 3796 453 3849 claram:
476 3795 594 3860 sortasse
608 3797 673 3862 port
692 3809 717 3848 ro
736 3792 805 3860 pede

79 3883 173 3940 sinistro
191 3888 204 3939 Ι
222 3884 381 3939 traicienda
398 3889 472 3938 eunt.
