3920 5806
309 429 408 484 Senon.
428 429 520 486 Genu.
541 431 572 486 G.
1105 435 1235 488 Hrcnrus
1254 435 1289 500 ΙΙ,
1308 435 1351 489 42.
1535 435 1597 500 195

140 606 239 688 Quae
261 607 547 693 Sccpcrmcnensis
559 630 595 690 p.
613 613 686 689 228,
706 612 747 674 15
763 647 805 656 -
903 613 1069 696 Reliquum
1084 619 1132 678 est
1145 613 1236 678 nobis
1247 614 1286 680 de
1296 613 1396 680 stellis
1406 615 1553 698 quinque,
1625 612 1735 666 ΧΜΠ

92 715 406 794 2313110101,οα
428 719 601 781 maalmam
618 721 746 796 partem
769 737 807 780 ec
859 741 936 804 quas
963 721 1137 804 complures
1160 725 1197 785 ut
1219 723 1383 798 erraticas,
1413 722 1461 786 ita
1486 721 1554 805 pla
1598 702 1740 756 Plumae.

94 820 227 902 Hyp-ini
258 821 449 906 Astrolopr'a
475 823 581 890 1143
611 823 806 904 interpolata
859 832 948 892 netas
972 827 1083 892 Graeci
1107 827 1262 894 dixerunt.

10 999 11 1004 ἵ
93 934 177 992 strat.
215 927 262 1008 cf.
287 930 486 1010 Epimetrurn
507 930 580 1010 lp.
604 935 675 996 204.
903 955 1035 1017 quarum
1057 957 1122 1000 una
1144 940 1192 1000 est
1209 935 1292 1000 Iovis
1310 937 1435 1002 nomine
1453 936 1554 1002 Phae-

10 1037 12 1078 ²
859 1063 930 1118 non,
948 1063 1041 1126 quem
1054 1041 1236 1108 Heraclides
1251 1043 1400 1110 Ponticus
1419 1045 1473 1120 ait,
1492 1051 1599 1128 quoe

858 1155 1000 1231 tempore
1022 1149 1228 1214 Prometheus
1254 1149 1395 1216 homines
1420 1149 1555 1228 finxerit,

858 1255 941 1320 hunc
978 1255 1189 1338 pulcritudine
1232 1258 1370 1340 corporis
1416 1257 1554 1340 reliquos

858 1368 1071 1445 praestantem
1082 1362 1205 1439 fecisse
1219 1385 1350 1449 cumque
1359 1366 1554 1448 supprimere

859 1469 1010 1554 cogitaret
1032 1491 1134 1553 neque
1156 1470 1224 1536 lovi
1246 1478 1283 1537 ut
1305 1477 1423 1536 ceteros
1442 1471 1554 1536 redde-

858 1581 920 1652 ret,
956 1575 1141 1662 Cupidinem
1178 1577 1244 1642 lovi
1280 1581 1454 1655 nuntiasse3
1492 1599 1553 1662 quo
1566 1585 1598 1639 10

858 1683 941 1748 facto
960 1684 1089 1780 missum
1107 1683 1298 1750 Mercurium
1316 1686 1357 1750 ed
1372 1685 1555 1751 Phaenonta

857 1791 1062 1873 persuasisse,
1092 1796 1130 1882 ut
1160 1792 1200 1856 ad
1233 1791 1338 1856 Iovem
1370 1793 1491 1856 veniret
1523 1795 1555 1854 et

858 1897 1043 1962 immortalis
1081 1895 1178 1962 fieret.
1222 1899 1329 1982 itaque
1366 1920 1437 1962 eum
1473 1899 1556 1963 inter

858 2007 945 2069 astra
966 2003 1073 2068 lerunt
1095 2005 1298 2070 conlocatum.

904 2110 1048 2175 Secunda
1074 2112 1167 2176 stella
1194 2113 1310 2177 dicitur
1337 2110 1432 2186 Solis,
1460 2133 1554 2196 quam
1566 2121 1598 2176 15

859 2218 913 2284 alii
923 2217 1051 2282 Saturni
1066 2219 1225 2294 dixerunt;
1238 2219 1321 2285 hanc
1329 2219 1555 2286 Eratosthenes

859 2347 879 2390 a
897 2324 977 2390 Solis
995 2322 1061 2389 filio
1078 2325 1278 2390 Phaethonta
1296 2327 1489 2410 adpellatam
1508 2325 1555 2390 di-

859 2432 911 2510 cit,
930 2433 968 2496 de
991 2453 1053 2514 quc
1071 2432 1244 2513 ccrrmlurcs
1266 2433 1424 2511 discertent,
1443 2438 1480 2498 01
1495 2454 1555 2514 pan

859 2541 919 2604 tris
945 2539 1112 2604 inscienter
1135 2559 1231 2604 curru
1259 2545 1360 2604 ccctcs
1382 2541 1556 2606 incenderit

860 2651 980 2724 terrcs;
1016 2666 1079 2726 quc
1114 2645 1198 2726 facto
1235 2647 1276 2710 ab
1312 2646 1387 2711 Iove
1422 2647 1601 2728 fulminato

856 2773 1024 2832 percussus
1046 2754 1081 2815 in
1101 2751 1287 2818 Eridanum
1310 2754 1459 2820 deciderit
1482 2761 1515 2818 et
1538 2777 1557 2818 a

860 2858 932 2924 Sole
955 2860 1038 2923 inter
1061 2860 1166 2926 sidera
1188 2861 1230 2924 sit
1251 2861 1400 2943 perlatus.

904 2966 1013 3030 Tertia
1040 2972 1089 3031 est
1115 2967 1208 3030 stella
1230 2965 1355 3044 Martis,
1383 2989 1477 3050 quam
1502 2967 1558 3036 alii

860 3071 1004 3137 Herculis
1049 3073 1209 3150 dixerunt,
1254 3072 1384 3138 Veneris
1425 3095 1558 3158 sequens

862 3179 985 3244 stellam
1011 3179 1084 3256 hac,
1115 3185 1152 3242 ut
1178 3179 1405 3245 Eratosthenes
1432 3182 1491 3258 ait,
1518 3182 1602 3246 deta

862 3307 968 3363 causa,
1006 3285 1090 3370 quod
1125 3286 1285 3350 Vulcanus
1322 3309 1392 3350 cum
1429 3307 1557 3352 uxorem

864 3392 1015 3458 Venerem
1038 3392 1187 3468 duxisset,
1211 3397 1243 3457 et
1264 3398 1394 3476 propter
1417 3393 1483 3458 eius
1501 3394 1557 3457 cb-

863 3501 1050 3564 servantiam
1073 3497 1170 3562 Marti
1193 3500 1283 3582 copia
1305 3519 1368 3563 non
1392 3498 1495 3574 fieret,
1522 3506 1559 3564 ut

861 3606 941 3670 nihil
965 3606 1051 3671 eliud
1073 3607 1204 3689 adsequi
1227 3607 1397 3683 videretur,
1418 3607 1479 3670 nisi
1502 3627 1560 3671 sua

863 3713 955 3778 stella
981 3713 1113 3778 Veneris
1145 3713 1231 3778 sidus
1263 3715 1421 3796 persequi,
1453 3712 1513 3777 hoc
1539 3723 1603 3778 a30

862 3820 985 3885 Venere
1012 3821 1200 3903 impetrarit.
1235 3822 1341 3903 itaque
1369 3841 1438 3884 cum
1465 3819 1559 3885 vehe-

863 3932 984 3991 menter
1007 3947 1095 3991 amor
1113 3948 1184 3991 cum
1202 3926 1393 4002 incenderet,
1412 3948 1478 3992 rem
1497 3928 1559 4012 sig-

864 4031 993 4098 nificans
1017 4055 1034 4098 c
1056 4034 1140 4098 facto
1168 4033 1291 4098 stellam
1318 4032 1477 4116 Pyroenta
1503 4033 1559 4098 ad·

863 4140 1002 4224 pellavit.

1088 4229 1179 4284 XLIII
1197 4227 1383 4282 Tnsrnrcrm.

936 4317 1023 4372 801101.
1046 4317 1134 4372 Germ.
1156 4317 1189 4372 G.
1205 4334 1234 4386 p.
1253 4321 1321 4387 228,
1340 4319 1495 4385 17-230,
1507 4321 1532 4372 3.

900 4414 992 4477 rposl
1013 4407 1104 4462 nobis:
1133 4407 1275 4476 disputare
1300 4406 1332 4460 G.
1357 4422 1400 4460 cm
1431 4407 1539 4476 reliqui.
1564 4405 1604 4462 di·

73 4503 132 4548 cere
150 4496 271 4552 tremere
289 4495 348 4551 vult
365 4497 534 4552 Bursiacus.
588 4512 600 4550 s
620 4503 650 4550 ut
669 4496 808 4562 erraticas,
828 4496 880 4552 ita:
899 4497 985 4551 nostri
1005 4497 1147 4562 erraticas,
1166 4503 1197 4550 ut
1215 4496 1384 4550 Bursiancs.
1443 4512 1456 4550 4
1475 4495 1604 4550 Phaencn

73 4576 210 4640 Bantius,-
227 4587 350 4642 Pheeton
364 4587 434 4640 tetri.
492 4601 607 4656 cneque
623 4586 678 4640 lovi
694 4594 723 4640 ut
738 4593 843 4640 ceteros
853 4585 917 4640 DR.
935 4593 1017 4654 atque
1031 4585 1102 4639 idem
1116 4586 1196 4639 schol.
1210 4584 1299 4638 Germ.
1312 4585 1345 4638 G.
1361 4600 1449 4652 neque
1460 4591 1604 4639 etcertum

73 4665 192 4727 BGMP.
247 4693 271 4730 11
287 4675 447 4730 Phaenonta
460 4675 636 4729 Bassianus:
654 4675 808 4730 Phaetonte
823 4675 891 4729 labri.
949 4693 976 4731 14
990 4675 1082 4730 lerunt
1096 4691 1130 4728 es
1144 4673 1171 4728 R
1185 4673 1250 4728 cdd.
1266 4675 1434 4728 Bwrsiaccs.
1450 4690 1500 4728 cm.
1517 4675 1605 4728 ceteri.

10 4787 12 4808 ³.
75 4771 99 4808 m
108 4757 236 4818 dixerunt
245 4763 319 4818 MR:
333 4763 576 4834 scripseruntDG.
588 4783 611 4818 c.
620 4765 676 4830 [01).
687 4768 749 4817 152.
804 4781 828 4819 rr
840 4781 998 4835 percussus:
1014 4781 1172 4833 percussum
1191 4763 1281 4817 MPR.
1292 4779 1450 4832 percursam
1461 4761 1497 4816 D.
1510 4779 1559 4816 orn.
1572 4763 1605 4818 G,

76 4842 206 4904 deciderit
219 4853 349 4907 Bantius.
366 4853 400 4919 cf.
415 4851 495 4908 schol.
514 4853 603 4907 Germ.
616 4853 641 4908 G
656 4860 680 4907 ct
697 4852 824 4919 fabulas:
842 4854 975 4910 deiecerit
985 4853 1109 4907 DMPR.
1125 4853 1248 4908 deiectus
1263 4859 1305 4906 est
1317 4851 1349 4906 G.
1386 4869 1413 4908 sc
1432 4852 1483 4906 hoc
1499 4851 1605 4904 addidi.

77 4933 152 4991 schol.
174 4939 262 4996 Germ.
284 4941 309 4996 0
326 4943 414 4996 verbis
432 4942 486 4997 nisi
505 4973 538 4982 -
558 4942 687 5012 persequi
711 4944 815 4997 omissis
837 4944 878 4997 ita
898 4943 1036 4998 schelest:
1058 4959 1076 4997 a
1093 4944 1201 4997 Venere
1222 4941 1323 4996 coitum
1342 4940 1515 5010 impetravit,
1535 4956 1607 5006 quac

79 5022 166 5078 aloc
184 5028 240 5084 loco
259 5031 383 5085 absurda
401 5037 426 5085 et
445 5038 538 5099 aperte
555 5032 724 5100 interpolata
742 5037 814 5085 sunt.

202 5113 211 5134 '
1344 5119 1395 5174 13*
