3908 5802
153 1985 240 2050 'Vivo
263 1984 347 2068 quod
370 1985 439 2063 feci,
465 1988 589 2048 mortuo
612 1983 698 2048 solvo
722 1988 828 2047 votum
851 1982 918 2047 viro
940 1982 1110 2067 praeclaro,
1133 2003 1225 2068 quem
1249 2004 1288 2047 ne
1310 1982 1434 2048 laudari
1457 1982 1584 2067 quidem

40 2111 88 2175 ab
117 2109 268 2194 improbis
295 2109 343 2174 fas
370 2115 426 2176 est.
472 2110 570 2192 Atqui
597 2108 681 2192 quod
710 2113 777 2172 tum
800 2105 1005 2174 confidentius
1033 2108 1172 2191 promisi,
1199 2129 1269 2172 cum
1297 2108 1415 2192 optimo
1442 2107 1583 2192 mihique

39 2235 342 2301 benevolentissimo
365 2235 431 2299 viro
455 2234 650 2299 voluntatem
672 2253 773 2298 meam
795 2233 932 2316 probare
954 2253 1099 2317 cuperem
1121 2238 1217 2317 atque
1244 2255 1382 2299 amorem
1410 2249 1607 2316 sperarem-t

41 2384 109 2444 que
128 2361 205 2438 iore,
227 2366 264 2425 ut
281 2359 380 2444 ipsius
399 2359 497 2424 oculis
520 2358 603 2423 hunc
624 2358 766 2424 libellum
785 2358 1033 2442 qualemcunque
1052 2357 1193 2423 subicere
1216 2357 1335 2434 liceret,
1358 2359 1391 2422 id
1414 2380 1507 2435 nunc,
1529 2358 1583 2422 ubi

39 2486 235 2551 acerrimum
261 2484 457 2570 philologum
484 2483 648 2567 philologi,
679 2483 772 2549 amici
800 2483 934 2548 amicum
961 2484 1177 2548 suavissimum
1204 2483 1266 2548 sibi
1293 2488 1436 2567 ereptum
1467 2483 1584 2566 lugent,

37 2632 147 2694 paene
169 2633 287 2689 vereor,
309 2632 349 2677 ne
372 2610 575 2694 adrogantius
597 2609 707 2676 fecisse
726 2608 841 2672 videar.
880 2607 960 2673 Nam
978 2609 1047 2674 vivo
1065 2607 1180 2673 librum
1200 2608 1311 2674 offerre
1329 2607 1464 2674 fortasse
1481 2610 1584 2673 minus

40 2738 117 2820 quis
142 2737 342 2813 dubitaverit,
365 2756 435 2800 cum
457 2735 550 2799 simul
571 2734 687 2809 iudicio
707 2735 773 2799 eius
792 2733 960 2799 subiecerit
978 2739 1034 2798 aut
1051 2734 1268 2818 probationem
1287 2755 1325 2798 ex
1344 2755 1381 2800 co
1400 2739 1584 2818 exspectans

43 2869 103 2928 aut
125 2862 353 2927 correctionem
375 2868 408 2926 et
430 2860 622 2926 voluntatem
640 2865 726 2924 certe
749 2881 837 2924 suam
855 2858 1023 2943 probatum
1041 2860 1081 2923 iri
1100 2856 1246 2936 confisum
1267 2863 1392 2925 mortuo
1410 2880 1484 2924 vero
1503 2881 1584 2942 quae

46 2988 238 3062 dedicamus,
264 3008 302 3052 ea
328 2986 437 3071 aliqua
463 2985 574 3051 saltem
602 2991 757 3068 exparte
785 3005 821 3049 eo
845 2983 943 3068 digna
964 3004 1032 3049 esse
1055 2984 1152 3049 decet.
1198 2984 1242 3049 At
1263 2984 1405 3069 profecto
1427 2984 1585 3051 Rudolfi

47 3111 230 3176 Horcheri
266 3113 418 3177 memoria
444 3133 464 3176 a
494 3109 776 3195 praestantioribus
808 3109 883 3174 viris
914 3108 1152 3193 potioribusque
1184 3109 1276 3174 donis
1307 3108 1496 3175 celebranda
1527 3115 1584 3187 est,

49 3257 150 3319 neque
173 3257 223 3300 me
245 3235 324 3301 latet
345 3236 432 3301 laudi
456 3235 522 3300 eius
545 3255 647 3317 neque
670 3234 724 3318 qui
747 3233 860 3300 offerat
882 3254 991 3318 parem
1014 3254 1081 3300 osse
1103 3254 1204 3316 neque
1227 3233 1312 3318 quod
1334 3233 1495 3300 offeratur.
1541 3234 1585 3300 nt

49 3363 130 3446 ipse,
158 3365 195 3424 ut
221 3359 338 3424 clarum
366 3381 455 3424 suum
483 3381 596 3425 nomen
624 3360 697 3424 huic
720 3358 801 3425 libro
830 3359 1046 3436 inscriberem,
1073 3358 1229 3443 permisit;
1256 3357 1339 3424 facio
1366 3359 1473 3444 igitur,
1500 3359 1583 3442 quod

48 3484 126 3553 fides
145 3490 270 3550 mortuo
290 3486 374 3560 data,
397 3485 481 3566 quod
499 3485 602 3567 pietas
621 3504 770 3568 amorque
787 3483 909 3562 iubent,
929 3505 1051 3568 quoquo
1073 3483 1215 3567 profecto
1234 3481 1314 3548 nihil
1333 3483 1437 3550 facere
1458 3505 1584 3568 possum

47 3611 206 3676 libentius.

158 3733 379 3800 Eratosthenis
407 3733 646 3799 Catasterismos
673 3741 709 3799 ut
736 3736 862 3802 ederem
890 3735 1100 3802 astronomiae
1128 3735 1391 3819 imperitissimus,
1418 3734 1484 3800 fere
1511 3756 1584 3800 casu

49 3862 165 3926 lactum
183 3859 330 3937 dixerim3
349 3881 424 3925 nam
442 3881 511 3924 curn
529 3859 563 3948 in
582 3861 684 3925 varias
702 3859 880 3932 fabularum
899 3858 1016 3926 formas
1036 3861 1195 3943 inquirere
1210 3859 1388 3944 coepissem,
1406 3859 1487 3924 nihil
1501 3860 1584 3926 anti-

50 3986 140 4068 quius
166 3983 346 4051 habendum
369 4005 436 4050 esse
463 3984 614 4062 intellexi,
640 4006 735 4069 quam
762 3991 799 4049 ut
825 3985 1019 4069 singularum
1041 3985 1220 4050 fabularum
1242 3985 1345 4051 fontes
1367 3991 1513 4051 accurate
1536 3986 1584 4049 in-

50 4111 287 4192 vestigarentur.
341 4109 452 4194 Itaque
488 4109 529 4176 ab
567 4110 750 4175 enchiridiis
786 4109 1005 4196 mythologicis
1042 4112 1202 4195 profectus
1233 4110 1369 4195 primum
1401 4110 1584 4194 Apollodori

51 4233 284 4310 bibliothecam,
307 4255 379 4314 prox
401 4233 519 4318 Hygini
542 4234 666 4300 fabulas
689 4236 837 4311 tractavi;
864 4237 920 4300 sed
943 4257 1001 4320 ego
1024 4257 1149 4319 quoque
1172 4236 1205 4299 in
1229 4233 1479 4312 difficultatibus,
1503 4255 1584 4320 quae

52 4359 83 4423 in
105 4358 186 4424 libro
209 4358 264 4423 illo
284 4357 394 4424 obviae
412 4361 475 4423 iam
494 4366 542 4424 tot
560 4361 643 4425 viros
663 4359 771 4426 doctos
789 4367 951 4437 vexarunt,
974 4361 1020 4425 ita
1041 4360 1137 4438 haesi,
1158 4367 1195 4425 ut
1213 4359 1291 4424 nibil
1310 4359 1419 4444 profici
1438 4359 1585 4436 viderem,

52 4483 109 4548 nisi
135 4482 207 4548 aliis
233 4481 382 4549 subsidiis
409 4484 650 4567 circumspectis.
700 4483 811 4568 Itaquo
839 4484 975 4549 alterum
1002 4484 1119 4569 Hygini
1147 4506 1234 4568 opus,
1267 4485 1478 4569 Astrologiam
1506 4485 1585 4562 dico,

51 4613 263 4692 perscrutatus
281 4629 359 4685 sum,
381 4613 417 4673 ut
439 4609 590 4673 discerem
614 4613 646 4674 ct
669 4630 747 4691 quos
769 4609 867 4675 libros
890 4609 1024 4693 scriptor
1047 4609 1101 4674 ille
1123 4610 1251 4693 legisset
1274 4617 1306 4676 et
1328 4611 1452 4695 qualem
1474 4612 1507 4676 in
1530 4633 1584 4676 ex-

53 4731 222 4798 scribendis
249 4734 294 4798 eis
322 4755 355 4799 sc
382 4738 576 4816 praestaret.⁴
613 4733 682 4812 Qua
704 4733 756 4798 via
782 4755 853 4799 cum
880 4734 1045 4812 nonnulla,
1076 4756 1157 4818 quas
1184 4736 1362 4819 cognitione
1389 4736 1486 4820 digna
1512 4737 1585 4814 sint,

53 4858 143 4922 ctiam
165 4858 205 4922 de
222 4857 442 4923 Eratosthenis
461 4859 694 4924 Catasterismis
716 4858 869 4924 invenisse
892 4859 970 4925 mihi
993 4862 1109 4939 videar,
1133 4881 1170 4926 ea
1191 4881 1274 4926 nunc
1295 4863 1500 4946 proponenda
1518 4883 1585 4927 esse

52 5003 172 5060 conseo;
196 4983 259 5048 iam
277 4984 364 5048 vides
383 5004 444 5068 quo
468 4984 561 5050 modo
584 4985 701 5050 factum
725 4985 775 5062 sit,
797 4990 834 5050 ut
857 4985 889 5049 in
908 4985 968 5052 hoc
987 4986 1068 5051 libro
1086 5007 1148 5050 non
1168 4986 1269 5051 minus
1288 4987 1327 5051 de
1346 4987 1471 5071 Hygino
1490 5009 1584 5072 quam

1619 5045 1655 5112 §a
