3908 5802
1524 481 1569 566 21
1623 483 1626 490 ·

128 655 251 743 Reliqui
275 664 350 722 sunt
372 665 436 723 tres
460 657 534 724 loci:

197 787 224 847 p.
249 766 301 842 68,
325 765 354 829 6.
399 765 460 828 alii
490 765 599 828 nolant
624 763 753 828 Zethum
780 770 809 828 et
835 763 1039 846 Amphionem
1071 787 1151 845 essa·
1184 768 1255 831 ideo
1287 787 1371 831 11111
1401 767 1573 854 conatast)

403 870 485 934 altor
507 871 662 934 citharam
684 870 782 962 hahet.

197 1000 226 1061 p.
251 977 302 1055 75,
326 977 353 1041 7.
398 977 536 1060 Hyadas
559 977 732 1058 adpellaoit
755 977 834 1062 (scil.
857 979 1001 1066 Iupiter),
1030 981 1115 1062 qaod
1137 985 1283 1044 nascente
1305 980 1419 1044 hibero
1446 1001 1500 1044 eas
1522 982 1572 1044 ia·
1663 989 1666 996 ⁴

400 1085 533 1162 11111111,
564 1085 711 1164 taaporis
737 1085 863 1166 sipaam
889 1087 1012 1165 posuit,
1047 1087 1132 1168 qaod
1158 1088 1222 1151 siat
1249 1085 1412 1167 pluviales
1433 1121 1478 1135 --
1499 1070 1593 1151 {isra

399 1191 480 1254 caim
499 1191 610 1270 pluere
633 1195 678 1255 est
702 1229 741 1240 -
767 1196 795 1255 ot
817 1213 927 1256 aarum
950 1197 1038 1258 ortas
1060 1194 1172 1258 imbres
1195 1195 1331 1258 concitet.

195 1320 224 1382 p.
249 1297 352 1373 7112.
397 1297 555 1378 Myrtilus
579 1303 683 1362 autom
705 1298 844 1379 Hyadas
867 1299 1006 1382 qaiaqao
1028 1300 1118 1381 filias
1143 1299 1257 1365 Cadmi
1279 1321 1342 1365 osse
1364 1301 1470 1366 aloto

18 1425 69 1466 cx
99 1403 151 1467 his
180 1423 218 1467 ea
243 1403 339 1468 verba
366 1426 446 1487 quae
473 1405 574 1489 primo
602 1405 669 1470 loco
697 1406 789 1488 posui
816 1406 883 1470 sola
910 1427 947 1470 ex
969 1405 1098 1490 Nigidio
1121 1406 1246 1473 fluxisse
1268 1412 1412 1490 possunt,
1439 1429 1509 1474 cum
1532 1409 1574 1473 ad

19 1533 133 1574 unum
158 1532 196 1574 cx
215 1510 275 1575 XII
298 1511 404 1594 signis,
427 1513 574 1576 nimimm
593 1511 749 1588 Geminos,
772 1519 926 1596 spectent;
949 1517 982 1577 at
1004 1535 1039 1578 re
1059 1534 1134 1578 vera
1156 1515 1241 1579 illinc
1264 1519 1389 1598 sumpta
1412 1535 1478 1580 esse
1501 1517 1573 1579 ideo

20 1617 140 1681 miuus
163 1617 326 1700 probabile
350 1623 407 1694 est,
430 1619 512 1700 quod
537 1618 830 1684 Catastcrismorum
851 1618 1061 1704 fragmentum
1079 1623 1226 1686 continuo
1250 1622 1418 1705 excipiunt,
1440 1641 1461 1686 α
1482 1621 1572 1704 Nigi-

22 1724 140 1788 dianis
163 1730 268 1789 autem
291 1724 450 1788 stellarum
470 1725 613 1808 catalogo
632 1733 844 1790 secemuntur.
884 1727 999 1810 reliqui
1019 1728 1081 1792 duo
1100 1727 1160 1792 loci
1180 1727 1292 1810 longae
1311 1728 1456 1811 Hyadum
1475 1728 1573 1811 expli·

23 1829 164 1906 crationi,
187 1851 266 1913 quae
289 1851 328 1895 ex
347 1831 578 1896 Catasterismis
600 1830 699 1909 fluxit,
722 1832 900 1916 interpositi
919 1838 1000 1897 sunt.
1041 1833 1104 1898 ium
1123 1833 1150 1898 si
1168 1835 1238 1916 quis
1256 1833 1336 1898 haec
1358 1835 1421 1900 tria
1438 1834 1574 1898 frustula

26 1957 74 1998 ex
99 1938 194 2000 tertio
216 1939 381 2020 scriptore,
409 1940 463 2021 qui
486 1945 519 2003 et
541 1939 607 2021 ipsc
631 1941 669 2004 de
693 1939 848 2004 sideribus
871 1940 949 2022 egit,
976 1941 1134 2024 exscripta
1156 1961 1222 2006 esse
1245 1947 1380 2016 statuat,
1405 1940 1515 2017 faciat,
1536 1947 1573 2005 ut

25 2043 174 2120 libuerit
197 2044 252 2109 sed
275 2044 388 2122 videat,
411 2067 473 2130 quo
495 2045 588 2109 modo
616 2045 764 2128 explicet,
787 2065 843 2109 cur
865 2046 917 2110 hio
940 2047 1074 2129 scriptor
1095 2068 1158 2112 non
1180 2045 1316 2130 amplius
1338 2053 1388 2111 ter
1411 2046 1573 2112 adhibitus

25 2149 84 2213 sit.
136 2171 192 2214 nos
216 2151 284 2214 iure
306 2156 414 2216 nostro
436 2150 515 2215 haec
537 2173 661 2234 quoque
684 2153 725 2216 sd
749 2151 988 2218 Catasterismos
1010 2152 1128 2218 referre
1150 2153 1242 2217 nobis
1264 2153 1415 2218 videmur.

124 2255 211 2320 Haec
224 2257 322 2338 igitur
335 2263 408 2322 sunt
425 2257 719 2322 (latusterismorum
739 2259 923 2342 fragmento,
942 2281 1021 2343 quas
1040 2261 1166 2342 quidem
1185 2261 1218 2323 iu
1237 2259 1363 2324 scholiis
1382 2261 1571 2326 Basileensi-

23 2363 93 2427 bus
113 2371 237 2428 servata
255 2370 337 2428 sunt.
369 2387 465 2449 pergo
483 2365 525 2429 ud
544 2386 581 2428 ea
605 2365 731 2442 scholia,
754 2387 834 2449 quae
858 2367 1019 2449 Breysigio
1042 2373 1213 2449 praeeunte
1234 2365 1573 2451 sangermanensis

23 2491 188 2536 vocamus.
233 2492 365 2554 quorum
389 2491 469 2554 quae
492 2470 615 2536 iabiulas
638 2473 856 2555 complectitur
878 2495 950 2556 pars
975 2511 1015 2520 -
1039 2495 1112 2537 num
1135 2479 1241 2538 cetera
1266 2474 1403 2539 hicnon
1427 2495 1570 2540 curamus

25 2616 75 2627 -
101 2599 121 2640 α
143 2578 374 2642 Basileensibus
403 2579 448 2642 ita
475 2577 585 2655 distat,
612 2583 647 2642 ut
674 2585 759 2643 recte
782 2579 945 2663 Brcysigio
972 2579 1138 2662 singularis
1165 2579 1264 2644 libelli
1293 2581 1427 2663 speciem
1455 2579 1571 2644 habere

25 2686 186 2748 videatur.
237 2705 334 2766 quare
362 2705 456 2767 quam
483 2687 616 2750 maxime
643 2685 697 2750 ille
724 2684 900 2751 laudandus
923 2691 971 2751 est
1003 2687 1086 2770 quod
1112 2687 1194 2751 hanc
1221 2686 1409 2752 scholiorum
1437 2686 1571 2770 Sanger-

26 2793 229 2856 tirunensium
255 2795 378 2874 partem
405 2813 544 2855 seorsum
572 2792 786 2856 excudendam
813 2794 934 2857 curavit
965 2815 994 2875 p.
1025 2793 1100 2869 112,
1129 2794 1148 2858 8
1176 2831 1219 2840 -—
1251 2793 1326 2868 182,
1357 2793 1408 2856 23.
1458 2795 1572 2858 desunt

26 2905 139 2962 autem
167 2899 200 2962 in
222 2897 271 2962 his
294 2897 421 2962 scholiis
444 2897 614 2980 Nigidiano
636 2900 753 2976 ornnia3
786 2906 867 2984 quae
894 2921 967 2964 vero
994 2907 1164 2965 narmutur
1192 2899 1330 2977 fabulae,
1363 2921 1418 2964 eae
1445 2907 1571 2982 praeter

29 3008 184 3088 riuattuor
207 3005 336 3069 minoris
360 3005 496 3068 ambitus
519 3006 735 3070 additamenta
753 3027 860 3071 omnes
884 3027 922 3070 ex
945 3007 989 3070 eis
1013 3013 1087 3070 sunt
1110 3027 1187 3088 ques
1211 3008 1242 3068 in
1262 3003 1493 3071 Catssterismis
1517 3027 1570 3070 ex·

31 3112 139 3174 titisse
167 3133 262 3194 supra
290 3111 450 3185 evicimns3
478 3113 554 3176 itern
576 3111 642 3176 iere
666 3133 771 3178 omnes
794 3113 827 3175 in
845 3112 1078 3177 Basileeusibus
1101 3133 1226 3196 quoque
1249 3119 1371 3190 extant,
1399 3113 1460 3176 nisi
1483 3113 1568 3194 quod

32 3218 74 3280 tle
104 3219 288 3300 Aesculapio
314 3239 343 3300 p.
375 3219 435 3283 121
465 3219 569 3300 paullo
598 3219 751 3303 ampliora
777 3226 946 3285 rrarrantur
978 3239 1070 3304 quam
1099 3221 1131 3284 in
1159 3219 1233 3295 illis,
1261 3240 1318 3282 nec
1345 3225 1449 3284 tamen
1478 3219 1571 3301 pluru

32 3345 130 3407 quam
153 3326 185 3386 in
204 3325 356 3406 Ephorus,
379 3327 417 3389 de
435 3330 526 3390 tauro
550 3349 578 3408 p.
601 3325 672 3402 135,
694 3326 822 3391 17-20
840 3347 878 3391 eo
896 3349 1018 3410 quoque
1037 3325 1181 3390 adfertur
1198 3324 1325 3389 fabulae
1344 3325 1454 3400 formu,
1477 3347 1569 3409 quae,

31 3453 105 3495 cum
133 3432 165 3494 iu
193 3431 338 3514 Epitome
365 3437 464 3508 extet,
496 3433 528 3496 iu
556 3433 788 3498 Basilcensibus
817 3455 853 3498 eo
881 3441 1004 3498 tuntum
1032 3433 1162 3498 consilio
1190 3433 1305 3497 omissa
1332 3439 1393 3507 est,
1420 3451 1460 3524 ne
1487 3453 1569 3514 quae

30 3536 139 3621 paullo
162 3543 257 3602 antea
279 3560 317 3602 ex
340 3539 466 3621 Nigidio
490 3540 598 3602 adlata
621 3546 723 3616 erant,
750 3539 820 3605 aliis
848 3540 950 3604 verbis
978 3546 1205 3623 repeterentur,
1233 3539 1368 3620 denique
1396 3538 1436 3602 de
1463 3538 1568 3621 lepore

29 3669 61 3728 p.
89 3646 160 3722 170,
190 3645 230 3709 17
261 3668 283 3709 s.
313 3648 420 3710 cadem
447 3646 659 3729 proferuntur,
692 3667 771 3730 quae
803 3649 836 3711 in
868 3647 1012 3730 Epitome
1045 3653 1165 3722 01111111,
1197 3667 1267 3710 cum
1298 3645 1354 3709 illa
1381 3643 1569 3709 scholiorum

29 3751 258 3817 Basileensium
284 3771 357 3836 pars
385 3773 423 3816 ex
451 3752 566 3836 Hygini
596 3752 776 3836 Astrologia
803 3755 994 3836 interpolata
1020 3756 1070 3818 sit.
1115 3775 1177 3836 quc
1206 3773 1358 3816 consensu
1386 3752 1446 3815 nisi
1473 3753 1567 3834 vulgo

30 3861 114 3924 110110
145 3859 333 3924 scholiorum
367 3858 679 3941 Sangcrruaneusium
717 3867 839 3942 partem
872 3861 966 3924 aliam
997 3861 1224 3924 Basileensium
1256 3858 1468 3922 recensionem
1500 3879 1568 3922 esse

31 3967 155 4040 ‹licunt3
189 3965 220 4028 id
249 3966 345 4050 quod,
372 3966 399 4029 si
427 3987 489 4030 non
516 3988 644 4049 prorsus
672 3967 764 4042 falso,
791 3974 825 4032 at
852 3975 936 4031 certe
963 3968 1065 4031 minus
1092 3972 1238 4031 accurate
1270 3966 1387 4030 dictum
1417 3970 1472 4029 est.
1519 3971 1568 4029 est

33 4073 116 4135 cuim
143 4072 206 4136 elia
228 4072 291 4135 sive
314 4071 607 4137 Catisterismorum
632 4075 695 4137 sive
719 4075 870 4156 epitomes
893 4095 1000 4138 eorum
1024 4075 1124 4137 versio
1148 4111 1191 4121 -
1213 4094 1286 4136 uam
1309 4071 1369 4136 hoc
1392 4093 1475 4136 nunc
1498 4072 1567 4154 qui-

33 4178 104 4241 dem
135 4179 165 4240 in
189 4179 291 4242 modic
320 4179 532 4261 relinquimus,
556 4219 596 4227 —
625 4180 767 4244 cuicum
795 4180 921 4245 scholiis
944 4178 1174 4244 Basileensibus
1198 4187 1324 4262 plraeter
1346 4178 1464 4242 fontem
1487 4177 1567 4241 nihil

33 4291 82 4349 est
105 4307 272 4350 commune.
319 4287 349 4349 id
374 4286 459 4368 quod
482 4289 697 4352 demonstratu
721 4286 905 4351 facillimum
928 4292 983 4351 est.

121 4393 187 4456 lam
211 4393 317 4458 monui
342 4395 372 4455 in
392 4393 491 4458 Ursae
514 4395 642 4459 maioris
665 4394 827 4459 stellarum
845 4394 989 4476 catalogo
1008 4386 1131 4472 ὠτίων,
1154 4401 1190 4457 ut
1214 4391 1313 4458 nostri
1336 4393 1458 4456 codices
1482 4397 1566 4456 recte

33 4498 164 4576 hubent,
191 4502 223 4564 in
247 4499 319 4564 aliis
348 4499 436 4564 libris
464 4506 644 4584 corruptum
671 4501 768 4565 fuisse
796 4503 827 4564 in
856 4496 986 4565 11051011.
1033 4501 1122 4582 atqui
1150 4499 1343 4563 Basileensia
1369 4500 1405 4561 ia
1431 4498 1567 4580 sicopolis

32 4608 157 4682 irrisoris,
182 4603 463 4688 Saugermaneusia
485 4609 520 4670 ia
543 4609 678 4691 siapalis
701 4609 833 4672 caribus
856 4607 981 4672 habent.

128 4733 241 4740 ------

121 4783 154 4842 ⁴¹l
173 4783 265 4838 Verba
283 4801 359 4838 1111111
377 4799 475 4837 sonam
493 4783 520 4838 in
540 4785 694 4840 Basileensi
714 4793 742 4838 et
758 4785 882 4840 Parisino
899 4785 999 4840 omissa
1018 4803 1051 4841 ex
1067 4785 1225 4840 Strozzicno
1240 4782 1348 4849 addidi3
1368 4799 1478 4852 prorsus
1492 4781 1566 4836 enim

34 4871 189 4926 necessaria
212 4881 282 4926 Sllnt.
307 4881 429 4927 ceterum
452 4889 546 4927 zonam
572 4892 632 4928 cam
657 4876 815 4944 intellegas,
841 4891 895 4944 qna
915 4876 1018 4929 Zethus
1038 4875 1139 4929 Dircen
1163 4873 1198 4926 ad
1218 4879 1325 4926 tamum
1345 4871 1487 4941 adligavit.
1512 4873 1566 4925 huc

34 4977 66 5014 ea
90 4977 196 5029 quoque
221 4961 327 5016 faciunt
350 4977 420 5030 qnae
444 4979 477 5016 ex
502 4963 594 5030 ignoto
617 4973 729 5020 auctore
748 4966 872 5035 Hyginus
891 4964 983 5019 adlcrt
1004 4965 1037 5026 ll,
1056 4965 1091 5018 22
1110 4979 1136 5032 p.
1157 4959 1564 5021 6122111111111111111-

33 5052 117 5104 colem
136 5067 191 5106 ease
210 5057 234 5104 el
253 5051 418 5122 Apollinem,
438 5052 564 5110 nimirum
584 5075 644 5111 1111
664 5055 771 5110 cithara
791 5055 877 5123 illum,
897 5055 970 5109 hunc
989 5069 1050 5108 cum
1069 5069 1137 5106 zona
1156 5051 1311 5108 Amazonis.
