3906 5800
260 449 358 503 Scaea.
377 449 470 503 Genu.
490 449 521 502 G.
1055 451 1186 504 Hroinus
1205 449 1239 516 ll,
1261 451 1301 502 13.
1498 453 1556 516 101

320 627 456 682 mltum·
813 631 953 712 corporis
982 630 1144 694 inductum
1172 627 1300 710 petiisse
1328 627 1369 690 ab
1398 649 1447 704 aa,
1480 634 1516 692 ut

813 738 874 804 sibi
914 736 1060 810 nuberet,
1102 755 1202 816 neque
1243 735 1441 817 impetrasse3
1483 740 1516 799 et

813 825 950 928 coepisse
977 843 1156 907 ,Minervam
1193 860 1261 904 sese
1292 840 1450 906 occultare
1481 839 1514 903 in

813 974 850 1017 eo
876 951 962 1026 loco,
987 949 1041 1032 qui
1065 953 1196 1031 propter
1219 947 1352 1012 Vulcani
1375 965 1514 1010 amorem

811 1057 1023 1141 Hephaestius
1051 1061 1099 1120 est
1121 1053 1308 1137 adpellatus.
1355 1073 1417 1134 quo
1441 1072 1512 1135 per·
1542 1059 1558 1112 5

812 1168 952 1228 secutum
977 1161 1150 1226 Vulcanum
1182 1159 1289 1224 lerunt
1316 1159 1457 1241 coepisse
1485 1159 1513 1222 ei

812 1270 875 1334 vim
898 1269 1021 1344 afferre,
1044 1273 1077 1332 ot
1100 1289 1171 1331 cnm
1193 1265 1304 1349 plenus
1328 1264 1513 1348 cupiditatis

811 1377 851 1441 ad
885 1396 954 1440 eam
976 1380 1023 1437 ut
1055 1372 1233 1456 complexus
1264 1393 1297 1436 se
1330 1370 1513 1453 adplicaret,

813 1483 958 1565 repulsus
981 1479 1093 1545 effudit
1116 1479 1148 1543 in
1171 1484 1290 1543 terram
1310 1477 1512 1560 voluptatem.

811 1611 872 1672 quo
903 1587 1056 1662 Minerva,
1088 1585 1209 1668 pudore
1241 1590 1399 1666 permota,
1430 1583 1511 1667 pede
1523 1593 1556 1645 10

811 1695 969 1778 pulverem
993 1693 1109 1756 iniecit.
1143 1713 1181 1756 ex
1204 1690 1264 1755 hoc
1286 1695 1393 1754 autem
1411 1691 1512 1756 nasci-

810 1809 863 1865 tur
886 1799 1111 1864 Erichthonius
1134 1798 1260 1880 anpais,
1285 1796 1341 1877 qui
1364 1817 1402 1860 ex
1425 1801 1512 1860 terra

810 1913 842 1971 et
869 1927 977 1971 eorum
1005 1905 1198 1970 dissensione
1222 1922 1334 1966 nomen
1363 1902 1510 1984 possedit.

811 2062 887 2077 .....
899 2013 960 2076 alit
982 2016 1087 2076 aalma
1105 2009 1252 2092 anquina
1271 2014 1396 2074 tantam
1414 2028 1511 2072 arara

809 2116 1366 2192 habitisseErichthmriamdixerant,
1378 2135 1511 2197 eumque
1523 2123 1555 2176 15

809 2227 911 2308 primo
956 2232 1098 2308 tempore
1143 2222 1375 2288 adolescentiae
1420 2220 1510 2285 ludos

810 2331 970 2395 Minervae
984 2329 1207 2394 Panathenaea
1225 2326 1336 2392 fecisse
1355 2333 1388 2391 et
1407 2327 1509 2410 ipsum

808 2437 970 2520 quadrigis
993 2435 1181 2510 cucunisse;
1204 2454 1262 2517 pro
1285 2432 1399 2518 quibus
1417 2432 1510 2498 factis

810 2544 893 2607 iuter
915 2542 1021 2607 sidera
1043 2542 1159 2608 dicitur
1182 2541 1371 2606 conlocatus.

853 2647 955 2714 Huius
984 2651 1014 2712 in
1044 2668 1152 2712 nmero
1180 2647 1308 2712 sinistro
1332 2645 1436 2730 Capra
1458 2645 1553 2710 in-ao
1580 2643 1684 2712 (ΧῙΠ-

794 2761 893 2841 ¹stare
915 2761 947 2818 et
966 2755 999 2818 in
1017 2776 1112 2820 manu
1132 2755 1261 2820 sinistra
1278 2753 1382 2819 Haedi
1399 2752 1508 2819 viden·
1570 2731 1690 2801 aalays,

806 2867 860 2926 tur
882 2861 1010 2926 formati
1034 2910 1197 2926 ......
1549 2851 1555 2858 “
1571 2819 1687 2976 15:53

63 2963 233 3028 reddamur
248 2963 432 3030 Germanici
449 2971 751 3033 uersas165-170.
853 2968 1000 3032 Musaeus
1013 2974 1119 3031 antem
1138 2968 1217 3032 dicit
1231 2966 1336 3032 lovem
1354 2967 1510 3030 nutritum

806 3073 990 3138 aThemide
1005 3079 1037 3138 et
1051 3072 1220 3137 Amalthea
1230 3072 1376 3156 nympha,
1395 3071 1509 3156 quibus

777 3209 779 3214 ·
807 3201 876 3244 eum
900 3186 1001 3245 mater
1023 3179 1087 3262 Ops
1109 3180 1279 3244 tradidisse
1303 3179 1553 3243 existimaturos

807 3286 1007 3360 Amaltheam
1047 3291 1153 3350 autem
1193 3285 1342 3350 habuisse
1380 3305 1507 3368 capram

82 3459 272 3514 Tasrruourn:
292 3458 366 3513 Seru.
391 3459 456 3514 Aea.
477 3461 577 3514 1275.
1243 3501 1245 3506 -

54 3562 63 3600 s
79 3565 89 3601 s
105 3548 132 3600 in
142 3563 173 3601 eo
187 3548 250 3600 loco
269 3577 304 3586 -
324 3563 335 3602 r
346 3548 503 3616 adpellatns
514 3566 564 3602 om.
571 3549 600 3602 V.
675 3567 686 3605 r
698 3551 884 3618 Hephaestius
895 3549 930 3614 es.
941 3551 1117 3604 Barsiaaum
1126 3555 1157 3603 in
1167 3547 1349 3603 Fleckeiceaii
1358 3550 1456 3603 annal.
1468 3551 1550 3616 1866,

26 3651 45 3700 p
63 3639 119 3689 766.
171 3652 183 3691 s
204 3635 365 3704 complexus
390 3637 418 3690 V.
447 3637 603 3706 complexui
624 3639 680 3692 alii.
743 3657 768 3693 ra
787 3639 897 3708 anguis:
916 3639 967 3692 tec
987 3639 1149 3692 sarabertum
1169 3657 1187 3691 a
1207 3637 1409 3692 Catasterr'emte
1429 3639 1552 3691 alienum

28 3721 139 3792 lippinus
156 3723 278 3791 addidit,
297 3730 329 3777 at
346 3725 500 3789 faciliorem
519 3726 559 3779 ad
576 3727 704 3792 fabulam
724 3741 809 3792 qaam
829 3727 862 3780 de
879 3726 1005 3794 Cecropis
1021 3727 1098 3794 (lalrrr'
1107 3743 1255 3794 perperam
1268 3725 1425 3793 lhaclrtlrei)
1440 3725 1552 3794 filietas

27 3827 52 3862 rr
66 3813 118 3866 alia
134 3813 212 3878 sonte
230 3811 450 3867 Eratostheaicis
468 3816 684 3882 interposituros
702 3821 770 3883 erat,
791 3816 900 3869 aditam
918 3816 970 3870 sahi
984 3822 1111 3884 pararet.
1206 3833 1232 3870 ιι
1250 3814 1300 3869 alii
1319 3821 1411 3869 autem
1431 3814 1551 3885 anguina

28 3905 115 3956 hatum
134 3916 215 3956 cnara
234 3915 258 3955 e.
278 3917 303 3970 q.
323 3917 358 3955 s:
376 3901 482 3972 Hypios.
500 3903 556 3967 fab.
576 3907 632 3957 166
650 3903 685 3970 as.
705 3903 837 3972 Epimar.
857 3903 882 3960 I.
956 3921 981 3960 22
1000 3903 1080 3959 huius
1095 3905 1121 3958 V
1137 3903 1247 3972 aliique.
1285 3904 1363 3959 euim
1381 3904 1416 3958 R.
