3920 5806
1570 426 1635 492 203

103 623 195 666 cansa
218 601 288 678 luit,
311 623 367 666 cur
388 603 444 668 alii
468 603 667 669 scholiastam
692 603 848 668 Isidorum
871 603 1079 687 exscripsisse,
1101 604 1158 668 alii
1176 603 1331 669 Isidorum
1354 603 1482 671 scholiis
1504 606 1537 669 in
1558 603 1636 670 Ger-

101 709 255 773 mcnicum
282 729 374 774 usum
401 729 481 785 csse,
508 711 563 776 alii
590 710 724 793 denique
751 715 920 795 utrumque
947 711 1097 776 accidisse
1124 716 1286 794 putarent3
1313 731 1386 776 nam
1413 711 1550 793 primum
1576 711 1636 776 lsi-

101 817 212 880 dorum
239 821 377 881 veterem
405 816 543 900 aliquam
572 817 762 882 scholiorum
790 818 961 882 editionem
988 817 1188 901 compilasse,
1214 823 1325 902 postea
1352 838 1425 884 vero
1453 841 1491 884 ex
1512 818 1636 884 Isidoro

100 921 285 986 nonnulla
276 945 309 986 m
336 923 456 989 scholia
484 923 801 1008 Sangermauensia'
793 947 826 988 m
827 925 984 1008 terpolatn
1007 945 1082 990 csse.
1116 945 1250 1008 quarum
1278 925 1460 1008 opinionum
1483 927 1636 1008 perversi-

17 1033 18 1078 l
101 1037 200 1094 tatem
231 1030 352 1096 detexit
338 1031 564 1116 tprimusque
595 1039 715 1096 rectam
746 1032 828 1098 viam
860 1032 1018 1114 ingressus
1051 1037 1098 1096 est
1084 1031 1401 1098 tReifferscheidius
1424 1031 1555 1098 Suetoui
1582 1033 1636 1098 rcl.

17 1207 19 1280 i
97 1248 268 1327 utrumque
300 1266 339 1309 ex
371 1245 480 1310 eodem
511 1245 599 1311 fonte
630 1246 758 1312 haurire
790 1245 963 1311 rectissime
991 1247 1112 1310 statuit
1145 1245 1229 1330 qnod
1255 1267 1329 1310 vero
1356 1245 1476 1312 scholio
1503 1245 1637 1329 Sanger-
1749 1287 1753 1294 -

17 1815 19 1850 ι

17 1861 19 1894 ι

17 1975 19 2028 1

96 1159 128 1218 p.
149 1136 262 1214 44οι.;
285 1139 339 1219 qui
362 1159 431 1202 oum
454 1140 549 1204 modo
572 1139 773 1204 scholiastam
795 1139 889 1204 modo
908 1136 1065 1204 Isidorum
1087 1139 1236 1204 uberiora
1254 1137 1404 1204 exhibere
1423 1139 1637 1216 intellexisset,

95 1351 262 1416 manensia
289 1351 474 1436 plerumque
500 1354 631 1436 propius
658 1353 698 1418 erl
722 1354 867 1436 Origines
890 1373 985 1435 quam
1008 1353 1049 1418 ad
1072 1352 1214 1418 libellum
1237 1353 1277 1418 de
1300 1358 1414 1418 natura
1436 1373 1540 1417 rerum
1563 1373 1637 1417 con-

97 1457 254 1539 scriptum
277 1459 439 1535 accedunt,
461 1459 495 1525 id
517 1460 604 1524 nullo
627 1461 754 1544 negotio
778 1459 824 1524 ita
847 1459 1030 1543 explicatur,
1052 1466 1088 1524 ut
1111 1459 1323 1524 Isidorum'iu
1342 1459 1523 1543 Originibus
1542 1481 1637 1544 quarn

97 1565 334 1630 accuratissime
365 1573 526 1632 auctorem
553 1589 645 1632 suurn
671 1567 883 1650 exscripsisse,
915 1569 947 1631 iu
979 1567 1061 1632 libro
1093 1568 1133 1632 de
1166 1589 1271 1632 rerum
1298 1574 1414 1632 natura
1441 1565 1572 1632 liberius
1600 1589 1637 1632 eo

17 1745 19 1760 .
97 1692 192 1735 usum
220 1693 287 1737 esse
314 1677 409 1757 atque
436 1676 588 1740 sermonis
615 1673 789 1758 elegantiae
816 1674 886 1757 plus
909 1673 1057 1739 tribuisse
1080 1681 1264 1740 statuamus.
1297 1680 1434 1740 ceterum
1458 1675 1524 1738 veri
1546 1673 1637 1739 valde

17 1779 18 1814 l
98 1778 203 1842 simile
229 1785 278 1843 est
305 1785 432 1862 praeter
459 1803 510 1858 ea,
537 1803 618 1865 quae
646 1781 771 1846 scholiis
798 1804 868 1847 curn
896 1781 1018 1846 Isidoro
1046 1781 1222 1846 communia
1249 1787 1337 1858 sunt,
1364 1780 1426 1846 aliu
1450 1801 1573 1864 quoque
1596 1781 1638 1846 ad

17 1923 18 1928 κ
98 1885 243 1967 ignotum
266 1887 356 1951 illum
377 1895 538 1954 auctorem
561 1891 673 1966 redire,
696 1889 794 1954 veluti
816 1895 849 1953 et
872 1910 917 1966 ee,
940 1909 1109 1971 quaecum
1132 1888 1309 1972 fragmento
1328 1888 1498 1953 Censorino
1516 1887 1638 1953 tributo

17 2039 18 2064 2
97 1997 290 2075 congruunt,
319 1999 351 2058 et
378 1997 462 2077 qnod
488 1997 637 2061 involutio
661 1995 814 2080 sphaerae
836 1995 1022 2060 inscribitur
1044 2002 1152 2078 ceput,
1180 1996 1286 2060 omnis
1313 1994 1447 2079 deniquo
1471 2016 1553 2078 qnae
1575 2017 1638 2061 nou

17 2175 18 2180 γ
96 2105 157 2162 aut
183 2120 222 2164 ex
248 2099 353 2164 Plinio
380 2106 436 2166 aut
463 2123 502 2166 ex
529 2101 654 2188 Hygino
682 2109 738 2168 aut
767 2125 804 2167 cx
827 2102 994 2186 Fulgentio
1022 2103 1181 2186 descripta
1208 2104 1279 2167 sint.
1313 2123 1508 2168 communem
1531 2109 1638 2168 autem

98 2206 189 2270 illum
216 2206 380 2290 utriusque
407 2216 567 2275 auctorem
591 2208 775 2274 Suetonium
803 2231 869 2276 esse
897 2211 1075 2292 suspicatur
1096 2208 1386 2285 Reifferscheidius3
1415 2208 1470 2273 elii
1499 2209 1638 2274 oblocuti

98 2319 182 2379 sunt.
216 2335 274 2398 ego
300 2314 384 2381 hanc
411 2317 655 2382 controversiam
679 2315 899 2382 difficillimam
927 2337 1002 2381 sane
1030 2337 1089 2381 nec
1110 2317 1218 2400 paucis
1241 2316 1344 2382 verbis
1366 2316 1578 2400 peragendam
1601 2338 1638 2380 eo

97 2421 201 2503 magis
224 2419 258 2484 in
281 2422 384 2487 medio
407 2422 584 2508 relinquere
607 2446 741 2506 possum,
765 2446 827 2508 quo
850 2423 983 2488 alienior
1006 2429 1055 2488 est
1077 2423 1117 2488 ab
1136 2423 1229 2488 huius
1248 2423 1474 2507 disputationis
1493 2423 1638 2501 consili03

99 2527 263 2592 sufficiunt
291 2529 374 2594 enim
401 2551 451 2608 ea,
479 2552 560 2614 quae
587 2531 695 2608 attuli,
722 2537 758 2596 ut
781 2531 979 2608 damtione,
1006 2551 1087 2614 quae
1110 2531 1193 2595 inter
1216 2529 1335 2596 scholia
1357 2527 1640 2614 Sangermeuensia

99 2641 131 2698 et
159 2633 346 2701 Strozzianc
376 2638 557 2715 intercedit,
588 2644 674 2704 recte
704 2638 845 2703 iudicare
876 2640 1038 2722 possimus.
1071 2637 1127 2703 scd
1159 2660 1229 2703 cum
1257 2637 1289 2701 in
1316 2636 1473 2722 Breysigii
1500 2637 1639 2702 editione

100 2741 222 2806 scholia
245 2741 528 2827 Sangermanensie
555 2745 713 2829 discerpta
736 2750 768 2810 et
791 2743 981 2810 Strozzianis
1004 2746 1193 2829 interposita
1214 2745 1291 2821 siut,
1318 2750 1440 2809 utnon
1463 2745 1530 2809 sine
1553 2741 1638 2808 diffi-

99 2848 221 2914 cultate
249 2850 418 2934 imaginem
445 2853 561 2918 codicis
588 2852 649 2917 tibi
675 2851 843 2918 restituere
865 2851 980 2936 possis,
1008 2874 1025 2916 c
1047 2853 1206 2916 revisum
1228 2857 1276 2916 est
1299 2851 1350 2916 hic
1373 2849 1511 2935 singulas
1533 2856 1640 2934 partes

99 2977 136 3020 co
160 2956 286 3034 ordine,
314 2979 376 3040 quo
399 2960 433 3022 iu
455 2958 537 3024 libro
560 2957 822 3042 Sangermancnsi
844 2959 1002 3042 leguntur,
1025 2980 1207 3024 enumerare
1230 2959 1391 3024 adnotatis
1415 2958 1640 3040 singuliscum

99 3063 218 3146 quihus
241 3071 418 3148 congruunt
440 3072 495 3132 aut
481 3068 601 3131 tunde
624 3067 744 3150 petitae
767 3071 849 3143 sunt,
872 3067 1060 3149 scriptorum
1083 3065 1173 3130 locis.

163 3169 235 3254 lp.
261 3171 856 3260 105,7-1or‚13=—(oens0rini)
879 3171 1049 3256 fragmenti
1072 3195 1138 3256 cap
1162 3173 1246 3256 IIp.
1267 3171 1308 3237 76
1331 3171 1424 3236 Jahn
1448 3171 1489 3257 (v.
1508 3169 1640 3236 Reiffcr·
1725 3261 1728 3268 γ

229 3277 273 3344 (de
293 3277 365 3332 ⁰⁸05
382 3279 527 3348 10811ῑο110)
662 3279 769 3347 scheid
793 3280 919 3346 Sueten.
942 3303 972 3364 p.
994 3279 1081 3366 95.)

149 3383 185 3448 II
208 3406 237 3468 p.
262 3384 500 3464 221-224,4
527 3416 571 3446 =
594 3387 785 3473 (Censorini)
816 3387 986 3471 fragmenti
1012 3386 1150 3490 caplll
1182 3409 1211 3470 p.
1236 3386 1277 3450 79
1305 3384 1398 3450 Jahn.
1443 3383 1541 3450 habet
1572 3386 1639 3450 cod.

212 3491 255 3556 (de
274 3491 363 3546 stellis
386 3491 449 3547 fixis
471 3500 499 3548 ct
590 3493 809 3560 Bruxeliensis.

273 3581 437 3645 enantibus)

133 3670 185 3734 III
208 3693 237 3753 p.
261 3671 335 3748 224,
353 3669 513 3751 5-226,
523 3673 565 3738 22
588 3673 685 3739 habet
708 3673 807 3738 codex
828 3672 1049 3738 Bmxellensis.

212 3777 256 3843 (de
275 3778 411 3847 sphaerae
431 3779 609 3847 invclutiono)
698 3771 703 3780 ’

140 3867 184 3931 IV
209 3890 239 3951 p.
265 3867 420 3953 112-p.
442 3870 505 3934 182
529 3869 656 3936 fabulae
677 3892 716 3934 cx
739 3867 1034 3934 Gatasterismorum
1056 3867 1202 3952 Epitome
1225 3887 1342 3932 versae.

157 3973 186 4038 V
210 3997 240 4057 p.
259 3973 333 4052 227,
354 3977 470 4041 1-10
488 3977 604 4042 similia
621 3976 719 4042 habet
737 3976 877 4042 Isidorus
895 3976 924 4042 d
942 3998 1001 4042 rer.
1020 3981 1084 4041 nat.
1104 3973 1212 4040 XXIII
1230 3973 1251 4038 3
1270 3972 1312 4060 (r.
1331 3968 1558 4041 Reifferscheid
1576 3970 1596 4035 l.
1615 3992 1640 4034 c.

212 4081 257 4148 (dc
275 4080 405 4150 planetis)
499 4106 529 4168 p,
553 4084 642 4169 216),

144 4189 188 4252 VI
211 4210 240 4273 p.
265 4189 574 4268 227,11-228,8
597 4221 641 4248 =
664 4191 742 4256 Plin.
766 4190 798 4256 II
821 4190 961 4256 32-39.
984 4189 1036 4256 64.
1070 4189 1183 4274 Hygin.
1207 4188 1314 4254 astrol.
1337 4185 1440 4251 1142.

212 4294 397 4364 (planetarum
415 4295 535 4364 nomina)

128 4382 501 4469 mmmm-m

95 4649 206 4705 ‚ullium
223 4651 426 4720 simplorum
443 4669 505 4707 curn
524 4653 619 4709 Isidor.
638 4653 712 4723 Orig.
732 4654 773 4708 III
792 4655 834 4719 70,
853 4655 896 4718 31,
915 4669 941 4722 p.
959 4653 1018 4717 162,
1037 4653 1073 4706 20
1094 4650 1190 4722 Orion,
1210 4651 1259 4719 proi
1277 4655 1301 4704 el
1319 4649 1420 4720 iupcla
1439 4680 1472 4688 —
1492 4667 1518 4718 p.
1535 4647 1593 4713 163,
1610 4647 1643 4700 14

111 4741 290 4808 mnpecaom
312 4743 409 4795 innuit
425 4743 565 4797 imminere
588 4761 649 4798 cum
672 4742 769 4798 Isidor.
788 4742 861 4811 Orig.
882 4743 923 4796 III
943 4743 984 4807 70,
1006 4742 1039 4795 10
1057 4747 1086 4796 st
1105 4742 1148 4806 11,
1167 4758 1193 4810 p.
1214 4741 1273 4803 167,
1295 4741 1329 4792 12
1348 4739 1441 4793 Sirius
1458 4737 1538 4792 mella
1556 4767 1590 4776 -
1610 4737 1643 4790 16

112 4830 282 4886 caesaraea
305 4831 440 4886 dicacatur
462 4849 523 4887 cnm
546 4833 641 4887 Isidor.
661 4831 736 4899 Orig.
760 4832 866 4897 11170,
891 4831 925 4884 14
945 4837 973 4885 ct
993 4831 1039 4895 15,
1063 4847 1089 4900 p.
1111 4830 1223 4895 17613
1245 4829 1334 4896 Goon,
1359 4829 1409 4897 qui
1431 4834 1457 4882 ct
1473 4826 1559 4880 Nuus
1582 4841 1643 4880 curn

113 4917 205 4975 Isidor.
229 4921 302 4989 Orig.
327 4921 394 4976 XIII
413 4923 460 4986 21,
485 4923 499 4976 7
524 4927 683 4991 congruunt.
707 4923 778 4977 baec
801 4921 887 4991 igitur
909 4919 1000 4975 omnia
1024 4935 1058 4973 cx
1082 4920 1176 4973 eodem
1202 4925 1313 4973 auctore
1337 4917 1449 4972 duxisse
1469 4914 1643 4986 perspicitur,

114 5023 189 5073 quem
208 5011 329 5066 Isidorus
347 5019 376 5066 ct
394 5010 454 5080 ipsc
474 5012 627 5082 exscripsit.
