3908 5802
1570 435 1591 504 b

59 613 148 700 quod
175 611 255 682 bene
281 611 399 682 factum
425 613 549 682 narrari
576 613 751 703 suspicetur
777 633 902 684 neeesse
929 621 990 695 est,
1018 637 1088 684 cum
1114 616 1335 704 praecedentia
1357 618 1462 684 omnia
1486 618 1520 684 in
1542 617 1590 684 in·

59 723 166 789 clutao
192 724 319 807 reginae
345 723 484 788 moribus
512 723 714 790 inlustrandis
742 730 911 792 versentur.
960 725 1098 810 quodsi
1126 747 1234 790 verum
1256 731 1351 801 esset,
1378 725 1474 790 etiam
1499 745 1590 810 prae-

59 831 208 895 cedentia
229 830 271 896 ad
294 829 531 896 Catasterismos
553 831 658 896 redire
681 832 882 898 statuendum
905 837 996 908 esset,
1018 833 1065 897 ita
1086 837 1122 898 ut
1144 839 1254 898 auctor
1277 832 1381 916 operis
1403 831 1497 910 illius,
1519 853 1591 898 cum

60 937 102 1002 de
121 937 224 1002 sidere
242 939 327 1021 quod
343 939 507 1003 Berenices
524 938 618 1004 crinis
637 939 726 1006 audit
740 939 835 1004 verba
853 939 980 1016 faceret,
997 945 1125 1023 arrepta
1141 939 1303 1006 occasione
1321 940 1472 1005 nonnulla
1490 961 1507 1004 e
1525 939 1591 1006 vita

59 1042 284 1110 celeberrimae
311 1043 449 1110 mulieris
476 1046 655 1111 adiunxisse
687 1046 852 1112 videretur.
902 1053 936 1112 at
963 1046 1040 1112 duas
1067 1067 1149 1130 quae
1175 1047 1368 1130 praecedunt
1393 1047 1590 1114 narrationes

60 1151 104 1234 (p.
129 1151 181 1226 67,
208 1151 350 1236 11-18)
378 1172 417 1234 ex
443 1151 612 1218 Catulliani
640 1153 786 1218 carminis
813 1151 914 1218 LXVI
942 1153 1165 1218 commentario
1192 1151 1317 1219 fluxisse
1343 1153 1590 1239 praeclarissimo

59 1257 155 1322 evicit
173 1257 329 1343 Hauptius
348 1257 487 1345 (Quaest.
507 1259 618 1324 Catull.
636 1283 665 1343 p.
686 1259 728 1324 82
746 1282 769 1325 s.
788 1288 832 1315 =
852 1259 963 1343 Opusc
982 1259 998 1326 Ι
1015 1281 1045 1343 p.
1065 1259 1130 1346 60),
1149 1282 1220 1325 curn
1237 1260 1369 1326 alteram
1387 1282 1426 1326 ex
1444 1261 1590 1328 carminis

58 1363 145 1429 illius
172 1385 199 1430 v.
222 1362 265 1428 54
293 1366 356 1430 iam
387 1371 455 1430 tum
485 1371 632 1450 corrupto
664 1364 783 1444 fictam,
814 1365 945 1432 alteram
976 1366 1017 1430 ad
1051 1366 1190 1432 eiusdem
1221 1368 1367 1432 carminis
1399 1389 1425 1432 v.
1449 1369 1500 1445 26,
1527 1389 1589 1451 quo

60 1473 262 1554 magnanima
279 1478 408 1538 vocatur
427 1472 583 1550 Berenice,
605 1473 835 1538 inlustrandum
857 1473 1046 1556 adscriptam
1070 1494 1137 1538 esse
1159 1474 1305 1539 ostendit.
1351 1473 1406 1539 sed
1429 1474 1462 1538 in
1480 1473 1589 1552 Astra

60 1577 146 1662 logia
164 1599 221 1661 pro
236 1578 359 1644 Catullo
374 1579 555 1644 Callimachi
573 1601 686 1644 nomen
704 1579 863 1645 subditum
882 1586 937 1646 est.
965 1579 1048 1664 quod
1066 1585 1103 1644 ut
1117 1579 1157 1644 ah
1172 1579 1298 1664 Hygino
1311 1579 1429 1645 factum
1442 1602 1509 1646 esse
1523 1603 1589 1648 cre-

60 1685 145 1760 dam,
167 1706 258 1768 quem
281 1686 382 1768 ipsmn
401 1685 624 1752 Callimachum
644 1687 754 1771 legisse
772 1689 836 1751 veri
860 1708 923 1752 non
941 1686 1091 1754 dissimile
1115 1693 1163 1752 est
1182 1685 1235 1773 (cf.
1254 1687 1404 1771 Epimetr.
1423 1686 1479 1772 Π),
1501 1688 1588 1754 nullo

60 1792 155 1856 modo
174 1813 194 1855 a
210 1813 259 1856 me
277 1792 446 1876 impetrare
460 1813 594 1875 possum.
622 1792 716 1858 immo
731 1793 834 1858 nullus
849 1791 960 1858 dubito
974 1794 1051 1877 quin
1063 1792 1237 1860 rectissime
1255 1793 1410 1877 Hauptius
1424 1801 1588 1879 utramque

60 1898 274 1962 narrationem
297 1921 334 1964 ex
353 1899 468 1963 Catulli
491 1901 713 1965 commentario
731 1899 771 1964 ab
795 1899 1020 1984 interpolatore
1042 1900 1182 1966 additam
1202 1921 1268 1966 esse
1287 1900 1442 1966 statuerit.
1478 1902 1588 1967 vellem

61 2009 167 2069 tamen
189 2005 287 2070 virum
316 2028 469 2071 summum
492 2005 583 2071 obelo
606 2007 781 2090 pepercisse
803 2009 838 2071 in
859 2008 918 2084 eis,
944 2029 965 2072 a
987 2007 1100 2092 quibus
1123 2008 1295 2094 disputatio
1317 2013 1427 2074 nostra
1447 2008 1590 2092 profecta

61 2118 122 2186 cst,
149 2111 258 2176 verbis
294 2134 395 2195 neque
418 2114 502 2178 enim
524 2112 605 2178 ullus
629 2113 661 2178 in
684 2113 800 2178 Catulli
823 2113 961 2180 carmine
983 2115 1065 2180 inest
1087 2135 1207 2192 versus,
1229 2116 1280 2180 cui
1304 2113 1489 2198 explicando
1511 2115 1589 2180 haec

59 2218 220 2302 adscripta
256 2240 322 2284 esse
363 2220 496 2302 possint,
533 2225 564 2284 et
600 2241 669 2285 cum
704 2221 822 2285 totiens
858 2221 1030 2306 Hyginum,
1054 2217 1124 2285 'ubi
1160 2221 1401 2286 Eratosthenem
1440 2221 1589 2298 nominat,

59 2323 298 2390 Catasterismos
318 2324 499 2408 intellegere
516 2327 693 2404 viderimus,
713 2326 795 2391 idem
814 2327 847 2391 in
865 2327 944 2392 hacc
962 2349 1085 2412 quoque
1103 2327 1198 2392 verba
1216 2329 1328 2394 cadere
1346 2333 1587 2394 consentancum

59 2437 115 2496 est.
161 2431 293 2497 sublatis
319 2433 417 2516 igitur
444 2432 586 2498 insiticiis
614 2433 846 2498 narrationibus
869 2434 1162 2501 Catesterismorum
1188 2433 1268 2499 illud
1295 2434 1462 2500 frustulum
1490 2433 1588 2517 ipsius

58 2539 170 2604 sideris
193 2540 432 2623 explicationem
460 2540 606 2606 mutinuc
634 2541 758 2624 excipit
802 2540 938 2616 atride,
964 2561 1004 2606 ne
1026 2540 1107 2605 forte
1130 2541 1170 2605 de
1193 2541 1222 2604 vi
1249 2562 1287 2608 ac
1313 2542 1470 2617 sententia
1494 2540 1588 2606 huius

59 2646 185 2710 frustuli
213 2643 342 2710 mirifice
365 2645 437 2710 falsi
462 2646 566 2712 simus.
612 2647 778 2712 Berenices
800 2647 928 2730 aliquod
951 2646 1068 2712 lactum
1095 2647 1217 2712 narrari
1245 2649 1434 2730 putavimus
1461 2648 1588 2730 etquis

59 2754 176 2828 credat,
198 2753 390 2836 scriptorem,
412 2759 577 2837 postquam
600 2775 680 2836 quae
702 2775 752 2818 res
775 2753 871 2818 sideri
890 2774 1002 2818 nornen
1021 2753 1159 2818 dedisset
1177 2754 1328 2836 exposuit,
1349 2775 1446 2819 unum
1464 2758 1585 2818 tantum

58 2860 224 2926 Berenices
247 2858 378 2936 factum,
400 2863 484 2945 quod
507 2861 548 2925 ad
571 2861 657 2925 sidus
679 2860 896 2944 explicandum
919 2860 1005 2926 nullo
1028 2859 1120 2924 mode
1142 2859 1308 2944 pertineat,
1335 2860 1521 2926 adnectere?
1547 2861 1587 2924 de

60 2967 209 3032 Berenice
231 2968 294 3032 dici
316 2969 507 3051 putavimus:
548 2973 583 3031 at
608 2967 669 3032 ianr
699 2969 744 3032 ita
770 2965 865 3032 verba
888 2987 954 3032 sese
977 2967 1149 3051 excipiunt:
1178 2966 1263 3049 qaod
1289 2966 1410 3047 factum
1436 2987 1505 3032 cam
1531 2987 1587 3031 rea

60 3094 151 3155 cepre
178 3073 286 3154 ferret,
317 3074 424 3138 Conon
452 3073 702 3150 mathenauttcus,
732 3079 769 3138 at
796 3077 870 3138 ante
896 3075 1047 3151 dirimas,
1067 3074 1204 3156 narniens
1230 3073 1312 3138 inire
1338 3074 1479 3156 pretione
1505 3074 1588 3156 repis

61 3181 142 3242 (linit
170 3181 285 3242 minem
314 3182 397 3246 ieter
423 3181 532 3245 sidera
558 3181 660 3244 cidari
685 3181 878 3246 malcesium
906 3185 934 3244 et
966 3180 1123 3262 quasdam
1150 3201 1268 3244 vacuas
1291 3203 1312 3246 a
1338 3181 1446 3264 ficara
1473 3185 1587 3260 septen

61 3285 338 3362 caraecarae,
364 3308 446 3368 qnos
468 3309 531 3352 esse
557 3288 688 3370 fingeret
709 3289 834 3352 crinem.
880 3287 1104 3367 Eratosthenes
1127 3293 1231 3351 eatan
1252 3287 1330 3352 dicit
1356 3292 1385 3350 et
1410 3287 1587 3368 virginibus

61 3391 182 3454 Lesbiis
205 3392 313 3468 dotem,
339 3413 435 3474 quarn
452 3395 563 3476 cuique
585 3395 726 3459 relictam
749 3417 769 3460 a
787 3399 922 3476 parcatc
938 3414 1027 3459 neme
1045 3394 1180 3472 solverit,
1204 3395 1331 3458 iussisse
1348 3393 1440 3458 reddi
1458 3398 1487 3458 ct
1504 3395 1587 3458 inter

60 3519 114 3562 ecs
136 3499 331 3563 restituisse
348 3501 537 3580 petitionem.
575 3502 644 3584 quis
664 3501 760 3585 igitur
778 3502 887 3566 iussit?
923 3523 997 3566 num
1015 3500 1183 3566 Berenice?
1207 3501 1310 3576 immo,
1333 3501 1453 3583 opinor,
1471 3499 1586 3565 Conon.

60 3606 144 3670 vides
181 3605 307 3688 quantis
344 3606 481 3671 tenebris
513 3607 606 3672 huius
637 3607 697 3672 leci
729 3607 947 3700 interpretatio
979 3607 1127 3672 obvoluta
1158 3608 1207 3671 sit.
1271 3629 1368 3692 quare
1399 3627 1587 3692 quamquam

58 3734 179 3789 vereor,
214 3733 254 3776 ne
285 3713 436 3777 audacius
467 3715 567 3796 egisse
599 3714 714 3790 videar,
745 3716 846 3780 dicam
877 3719 986 3798 aperte
1022 3714 1106 3798 quod
1137 3714 1247 3780 sentio.
1301 3735 1400 3798 neque
1431 3714 1514 3778 enirn
1545 3715 1586 3779 ad

59 3819 228 3885 Berenicen
251 3841 366 3903 neque,
393 3820 476 3904 quod
503 3841 629 3903 prorsus
651 3821 816 3886 ridiculum
844 3828 938 3897 esset,
964 3822 1004 3886 ad
1028 3821 1186 3886 Cononem
1212 3819 1467 3884 mathematicum
1491 3821 1588 3886 verba

59 3927 114 3990 illa
140 3926 311 4009 pertinent,
338 3928 393 3992 sed
421 3927 514 3992 aliam
543 3927 679 3993 eiusdem
708 3927 832 4006 sideris,
863 3929 947 4011 quod
973 3928 1065 4010 uulgo
1092 3927 1259 3992 Berenices
1287 3927 1380 3992 crinis
1407 3925 1587 4003 vocabatur,

60 4033 300 4098 nominationem
318 4039 413 4118 atque
433 4033 670 4118 explicationem
690 4036 859 4101 continent.
891 4041 1039 4118 corrupta
1062 4055 1129 4100 esse
1151 4056 1209 4118 pro
1230 4039 1324 4110 certo,
1343 4033 1501 4117 Hyginum
1524 4035 1587 4098 iam

61 4161 170 4222 graeca
187 4140 282 4204 verba
303 4141 384 4206 male
407 4141 581 4206 reddidisse
604 4164 661 4225 pro
680 4143 756 4208 satis
778 4141 936 4225 probabili
958 4141 1072 4218 habea,
1096 4143 1135 4206 de
1158 4141 1319 4206 sanatione
1338 4147 1425 4206 certa
1446 4141 1586 4223 despero.

60 4246 118 4310 hoc
140 4252 175 4310 ut
197 4248 243 4310 ita
264 4254 413 4324 statuam,
435 4248 569 4312 maxime
591 4271 641 4314 me
664 4250 784 4316 inducit
806 4249 997 4332 comparatio
1021 4249 1206 4314 scholiastae
1226 4247 1416 4324 Germanici,
1439 4268 1530 4331 quem
1554 4253 1586 4312 et

60 4353 158 4436 ipsum
186 4352 425 4420 Catasterismos
450 4355 632 4438 compilasse
660 4357 721 4420 iam
749 4357 873 4440 saepius
901 4356 1049 4432 indicavi,
1081 4377 1153 4419 mox
1184 4355 1360 4420 accuratius
1388 4356 1586 4437 expositurus

60 4481 133 4524 sum.
183 4459 235 4524 hic
263 4461 359 4542 igitur
386 4461 429 4546 (p⁴
454 4461 505 4538 72,
531 4463 570 4526 19
594 4463 747 4550 Breysig.)
780 4464 826 4528 ita
853 4462 974 4528 scribit:
1005 4462 1114 4527 stellae
1143 4463 1290 4527 obscurae
1320 4460 1395 4540 VII,
1425 4482 1507 4544 qaae
1533 4481 1585 4523 oo-

59 4572 172 4632 cantcr
203 4568 304 4632 mines
335 4568 501 4632 Berenices
532 4561 755 4654 ildepyierdog.
810 4571 960 4634 dicantar
986 4574 1015 4634 et
1046 4590 1156 4634 aarum
1186 4569 1346 4652 virginum
1379 4589 1461 4651 quae
1488 4567 1587 4632 Lesbo

54 4676 226 4754 perierunt.
273 4675 384 4740 ultima
415 4675 510 4740 verba
542 4676 676 4762 longiori
708 4683 742 4742 at
773 4678 1025 4761 corruptissimae
1053 4677 1170 4760 Hygini
1196 4662 1370 4741 narrationi
1397 4675 1586 4759 respendere

58 4781 256 4846 manifestum
288 4787 343 4847 est.
398 4781 526 4846 bierunt
553 4783 649 4866 igitur
681 4785 743 4868 qui*
766 4793 884 4868 septem
917 4784 987 4848 illas
1019 4784 1140 4860 stellas,
1172 4805 1249 4867 quas
1282 4782 1389 4848 Conon
1421 4781 1587 4847 Berenices

59 4888 171 4952 crinem
190 4909 256 4954 esse
274 4889 365 4965 dixit,
384 4883 568 4955 Lesbiarnm
587 4891 741 4975 virginum
759 4892 861 4958 crines
880 4891 1035 4967 dicerent3
1057 4891 1135 4956 alios
1154 4890 1280 4955 casdem
1298 4890 1451 4956 Ariadnes
1469 4889 1585 4955 emnem
1635 4927 1638 4932 -

58 5013 179 5062 vocasse
211 5017 249 5060 ex
276 4993 421 5082 Epitome
450 4995 478 5064 V
505 4995 660 5066 discimus.
710 4999 844 5086 virgines
876 4997 948 5065 illes
976 5019 1056 5084 quas
1084 4995 1202 5063 fuerint
1237 4997 1331 5064 hodic
1363 4997 1436 5066 sciri
1468 4997 1585 5084 nequit
