3920 5806
570 1265 1021 1395 EPIMETRVM
1058 1266 1098 1396 l.

486 1532 554 1604 DE
582 1527 818 1606 SOHOLIIS
846 1530 1185 1608 STROZZIANIS.

135 1758 323 1825 Laudabili
351 1759 481 1826 oonsilio
508 1757 656 1826 Alfredus
683 1759 864 1844 Breysigius
892 1759 968 1838 tria,
1000 1782 1081 1844 quac
1109 1759 1297 1828 scholiorum
1324 1763 1358 1825 in
1387 1763 1606 1828 Germanicum

49 1873 158 1931 extare
185 1866 334 1944 videbat,
357 1887 474 1948 genera
497 1887 637 1932 seorsum
660 1867 844 1933 excudenda
866 1867 997 1945 emovit,
1020 1869 1067 1933 ita
1089 1875 1125 1933 ut
1147 1869 1232 1952 quod
1250 1889 1334 1934 nunc
1351 1871 1391 1934 de
1409 1868 1459 1934 his
1478 1868 1606 1935 scholiis

52 1974 168 2038 rectius
201 1973 351 2038 iudicare
378 1972 466 2052 licet,
494 1974 527 2038 id
555 1974 640 2038 illius
667 1973 865 2058 potissimum
892 1975 1078 2059 prudentiae
1105 1975 1259 2044 debeatur
1285 1979 1381 2059 atque
1408 1975 1606 2060 diligentiam

51 2082 103 2144 sed
136 2080 234 2146 idem
269 2103 341 2146 oum
371 2081 455 2146 unde
486 2081 565 2146 haec
596 2081 785 2146 scholiorum
817 2083 984 2148 diversitas
1015 2088 1086 2148 orta
1114 2089 1196 2148 esset
1226 2089 1283 2148 aut
1309 2103 1391 2166 quae
1418 2082 1502 2148 iuter
1528 2081 1606 2149 haec

52 2208 170 2268 genera
199 2187 291 2253 ratio
318 2187 541 2265 intercederet,
572 2189 749 2254 accuratius
775 2189 968 2273 perscrutari
996 2190 1277 2274 praetermitteret,
1303 2189 1426 2273 largum
1453 2189 1604 2254 fertilem-

56 2315 112 2376 que
135 2315 294 2380 eampnm
318 2295 470 2359 incultum
493 2296 635 2380 reliquit3
658 2317 750 2380 quem
772 2295 915 2379 profecto
939 2317 1002 2362 non
1024 2297 1172 2374 excoluit,
1195 2296 1251 2361 sed
1274 2295 1433 2380 lapidibus
1456 2296 1606 2362 obrutum

56 2405 181 2467 vexavit
206 2403 248 2480 is,
272 2401 327 2486 qui
350 2407 422 2486 post
439 2401 638 2486 Breysigium
661 2403 701 2468 (16
724 2402 836 2468 horum
860 2403 1052 2470 scholiorum
1074 2409 1107 2468 et
1129 2403 1298 2488 generibus
1319 2409 1352 2468 et
1371 2402 1510 2470 fontibus
1529 2403 1606 2470 satis

59 2510 297 2575 inconsiderate
320 2509 501 2592 disputavit,
524 2509 681 2596 Josephns
699 2510 831 2594 Freyius
853 2509 887 2574 iu
905 2510 1006 2576 Musei
1026 2511 1170 2577 Rhenani
1192 2511 1350 2576 volumine
1372 2510 1460 2576 XXV
1483 2533 1513 2596 p.
1532 2509 1605 2576 112.

57 2617 142 2680 cuius
173 2617 328 2700 equidem
357 2615 588 2682 dissertationis
615 2617 642 2682 si
669 2617 722 2682 hic
748 2616 903 2682 rationem
930 2615 1094 2696 haberem,
1121 2621 1154 2684 et
1182 2619 1332 2703 temporis
1358 2639 1408 2684 me
1430 2619 1607 2702 paeniteret

61 2729 89 2787 et
110 2723 260 2792 chartae.
804 2785 809 2802 ‚

143 2831 231 2898 Tres
255 2831 354 2916 igitur
376 2830 566 2897 scholiorum
588 2829 622 2895 in
646 2831 867 2896 Germanicum
890 2831 1130 2915 distinguuntur
1153 2815 1281 2909 classes,
1308 2851 1442 2915 quarum
1463 2832 1607 2915 primam,

62 2959 151 3022 quam
175 2939 305 3004 scholia
326 2937 520 3004 Basileensia
543 2958 697 3015 vocamus,
719 2939 836 3024 partim
859 2959 898 3003 ex
920 2937 1049 3023 Nigidio
1074 2939 1186 3023 Figulo
1210 2939 1407 3024 exscriptam,
1429 2939 1547 3023 partim
1569 2959 1608 3004 ex

63 3045 286 3112 Eratosthenis
320 3045 551 3112 Catasterismis
587 3066 709 3111 versam
745 3066 812 3112 esse
843 3046 877 3110 in
908 3046 1143 3131 Prolegomenis
1179 3047 1313 3112 ostendi.
1362 3046 1496 3112 alteram
1527 3043 1608 3110 liber

63 3152 347 3237 sangermanensis
379 3174 457 3220 saec
484 3153 531 3218 IX
563 3157 711 3218 exaratus
742 3153 890 3230 servavit3
924 3174 1005 3238 quae
1037 3174 1114 3238 quas
1146 3153 1271 3219 fabulas
1303 3153 1457 3230 oenthreb,
1488 3173 1541 3218 eas
1570 3173 1608 3218 ex

65 3259 365 3328 Catssterismerum
392 3259 528 3344 epitome
555 3265 682 3325 nestrae
709 3260 869 3326 simillima
895 3259 936 3325 ab
965 3261 1091 3326 homine
1106 3259 1294 3326 ¹Christiano
1322 3281 1454 3344 graecae
1480 3260 1608 3342 linguae

64 3368 141 3432 male
174 3369 288 3445 docte,
320 3367 531 3452 mythologiae
561 3388 635 3432 vere
666 3367 716 3432 vel
744 3367 978 3453 imperitissimo
1011 3367 1152 3434 redditas
1183 3389 1251 3452 esso
1283 3366 1402 3432 ibidem
1428 3366 1520 3432 evici.
1552 3367 1608 3432 sed

66 3481 191 3556 praeter
230 3474 355 3540 fabulas
392 3474 511 3542 scholia
542 3473 823 3559 Sangermaueusia
859 3476 956 3540 etiam
987 3475 1081 3540 decta
1113 3475 1269 3558 quaedam
1300 3474 1463 3540 continent
1494 3473 1608 3557 capita,

67 3581 179 3661 quibus
204 3583 247 3648 de
270 3581 422 3665 sphaerae
449 3579 650 3666 figuratione,
678 3582 717 3647 de
739 3583 814 3652 solis
837 3583 930 3647 lunae
952 3583 1152 3666 planetarum
1174 3603 1280 3658 cursu,
1308 3581 1348 3646 de
1371 3579 1608 3664 quaestionibus

59 3685 203 3771 ⁸(lenique
232 3688 484 3772 meteorologicis
512 3689 589 3756 satis
615 3689 740 3754 erudite
767 3691 955 3774 disputatur.
987 3689 1066 3754 hacc
1093 3696 1199 3754 autem
1225 3710 1289 3752 non
1312 3709 1351 3752 ex
1374 3708 1486 3772 gracco
1511 3707 1608 3764 versa,

70 3795 119 3858 sed
147 3817 187 3860 ex
217 3797 325 3861 latinis
353 3795 493 3860 fontibus
520 3796 635 3862 hausta
662 3818 730 3862 esse
758 3819 796 3862 ex
823 3818 965 3862 sermone
992 3818 1072 3879 puro
1101 3801 1196 3880 atque
1223 3796 1389 3861 emendato
1417 3795 1519 3880 prime
1546 3795 1607 3858 iam

70 3898 182 3967 obtutu
206 3903 413 3986 intellegitur.
446 3902 522 3986 quid
550 3904 634 3987 quod
663 3905 774 3968 eadem
801 3911 858 3968 aut
884 3904 1002 3969 eisdem
1029 3903 1133 3968 verbis
1160 3909 1217 3968 aut
1245 3901 1399 3967 similibus
1422 3900 1507 3984 apud
1530 3899 1609 3966 alios

10 3999 11 4002 ’
72 4007 240 4091 scriptores
271 4011 430 4075 Romanos
462 4017 642 4087 recurrunt,
677 4015 713 4074 ut
744 4011 783 4076 de
816 4011 928 4075 harum
959 4011 1099 4093 partium
1130 4009 1252 4094 origine
1284 4031 1354 4072 cum
1387 4007 1494 4092 aliqua
1525 3995 1610 4072 certe

73 4113 296 4193 probabilitate
324 4117 464 4182 iudicare
491 4117 656 4199 pessimus.
692 4138 766 4182 nam
793 4137 874 4199 quae
897 4117 937 4182 de
960 4117 1107 4200 Apolline
1130 4117 1163 4180 in
1186 4116 1375 4181 scholiorum
1397 4113 1460 4180 fine
1482 4136 1512 4197 p.
1539 4112 1610 4191 195,

9 4239 11 4314 ς
73 4218 295 4300 4-196,8
324 4231 538 4307 exponuntur,
569 4224 686 4289 eisdem
713 4225 818 4289 verbis
849 4224 935 4307 apud
967 4223 1166 4307 Fulgentium
1191 4223 1207 4288 l
1233 4226 1287 4300 ll,
1319 4243 1400 4307 quae
1433 4221 1472 4286 de
1498 4220 1609 4304 plane-

9 4327 11 4390 1
74 4329 172 4393 torum
205 4353 263 4415 per
291 4329 475 4414 signiferum
502 4351 594 4396 eursu
624 4353 653 4414 p.
674 4331 748 4408 231,
778 4331 870 4395 12-
883 4331 962 4408 232,
990 4331 1009 4395 8
1038 4331 1193 4416 (exeeptis
1220 4331 1324 4396 verbis
1351 4329 1479 4414 reliquo
1506 4332 1611 4394 autem

77 4468 112 4480 —-
136 4437 294 4502 interiora
321 4437 453 4524 616111),
479 4438 564 4522 apud
591 4435 731 4503 Plinium
753 4437 784 4502 ll
808 4439 864 4516 66,
883 4437 924 4502 67
953 4439 1115 4522 legrmtur,
1147 4437 1193 4504 ita
1224 4444 1261 4502 ut
1292 4436 1438 4503 dubitare
1465 4455 1611 4521 nequeas,

9 4631 10 4634 Ἴ
77 4541 148 4620 quin
179 4545 351 4610 scholiasta
381 4553 549 4630 utrumque
581 4546 768 4629 scriptorem
800 4547 1007 4630 exscripserit
1058 4545 1205 4611 similiter
1235 4567 1317 4628 quae
1344 4545 1384 4610 de
1411 4544 1611 4630 planetarum

9 4643 11 4658 '
77 4649 214 4716 cursibus
240 4661 274 4718 et
296 4653 459 4724 ordinibus
485 4653 838 4737 p.227‚11-228‚8
862 4657 1074 4737 exponuntur,
1102 4673 1140 4718 ea
1162 4675 1201 4718 ox
1223 4652 1326 4718 Plinio
1350 4652 1382 4717 ll
1406 4650 1554 4716 32-39
1578 4655 1611 4715 et

9 4795 11 4814 .
79 4749 165 4820 1169
194 4759 342 4837 conflata,
373 4781 455 4843 quae
482 4781 555 4824 vero
583 4760 623 4826 de
652 4761 769 4826 eisdem
796 4767 967 4827 narrantur
993 4759 1178 4826 historiolae
1205 4783 1235 4843 p.
1259 4759 1334 4837 228,
1360 4758 1400 4823 15
1425 4797 1467 4807 -
1491 4757 1565 4834 230,
1589 4757 1610 4822 3

80 4878 114 4922 ex
139 4863 253 4950 Hyg'ni
280 4867 453 4951 astrologia
479 4867 578 4932 1142
606 4867 781 4953 exscriptae
814 4875 900 4945 suut,
931 4868 992 4933 nisi
1026 4868 1109 4952 quod
1142 4869 1174 4932 in
1206 4867 1256 4931 his
1283 4867 1385 4932 altera
1411 4866 1610 4950 planetarum

82 4972 200 5039 nomina
225 4973 392 5042 Phaethon
418 4973 569 5041 Phaenert
596 4975 707 5060 Pyrois
735 4974 939 5060 Phosphorus
972 4999 1009 5042 ex
1043 4976 1153 5042 oedem
1179 4975 1297 5060 Hygini
1326 4975 1429 5059 capite
1456 4971 1610 5038 Plinianis
