3906 5800
198 421 296 476 Senon.
317 417 409 476 Genu.
428 419 460 476 G.
480 438 506 489 p.
527 421 585 485 161,
604 421 646 474 22.
1090 421 1218 476 Hrornus
1237 421 1272 486 11,
1292 421 1333 474 17.
1520 419 1582 486 159

143 599 320 684 Neptunum
351 601 439 666 aiunt
471 599 597 664 fabulae
625 603 790 682 poetarum
887 598 948 664 Hie
979 599 1111 683 quade
1142 600 1309 664 carmasit
1340 598 1423 664 inter
1454 604 1541 664 astra
1598 597 1722 755 {iffi

15 687 16 692 ἵ
98 706 308 790 Amphitriten
332 707 466 772 voluisse
489 707 522 769 in
542 704 720 788 coniugium
739 701 792 769 ac?
844 707 1031 783 conlocatus,
1044 705 1269 771 Eratosthenes
1284 707 1330 769 ita
1344 728 1412 770 eum
1427 706 1540 771 ceteris

15 885 17 908 Ι
97 813 205 896 cipere.
239 834 319 896 quae
342 835 412 879 eum
435 812 475 879 ob
497 812 703 877 verecundiae
722 833 789 876 ma·
845 814 934 879 dicit:
957 813 1147 896 Neptunum,
1168 833 1229 896 quo
1248 819 1388 895 tempore
1407 811 1540 878 voluerit

15 911 17 1028 Ι
83 919 290 1000 Ιςυίῐιιάἰηθιι]
310 925 342 985 et
354 920 546 1004 virginitatis
560 917 789 984 observantiam
845 919 1058 1004 Amphitriten
1095 919 1210 984 dooere
1245 941 1386 996 uxorem,
1422 929 1454 984 et
1485 918 1541 982 illa

16 1039 17 1090 i
72 1027 138 1089 bad
178 1026 337 1092 Atlantem
378 1025 580 1110 confugisset,
626 1025 791 1110 Neptunus
844 1027 971 1110 eupiens
990 1045 1173 1092 conservare
1192 1026 1404 1110 'virginitatem
1423 1025 1584 1110 fugerit5

96 1139 169 1216 post
194 1154 261 1198 eam
285 1135 367 1200 inter
391 1138 512 1198 eeteros
535 1133 644 1196 missos
668 1131 790 1214 delphi·
844 1133 883 1196 ad
911 1131 1051 1208 Atlanta,
1076 1132 1249 1216 complures
1272 1153 1341 1195 eam
1364 1132 1540 1215 quaesitum

96 1263 170 1305 num
202 1243 297 1304 eliam
329 1239 446 1304 dieitur
477 1238 612 1314 misisse,
648 1238 704 1320 qui
735 1259 791 1320 per
845 1238 1008 1314 dimisisse,
1023 1239 1054 1302 in
1068 1237 1117 1304 his
1132 1243 1163 1302 et
1177 1237 1367 1322 Delphinum
1382 1239 1539 1321 quendam

95 1347 232 1411 Atlantis
255 1347 373 1412 insulas
392 1348 625 1428 circumvagam
647 1365 715 1409 eam
733 1346 790 1408 ad·
844 1345 976 1408 omnine.
1022 1345 1075 1428 qui
1104 1350 1291 1428 pervagatus
1319 1345 1449 1422 insulas,
1481 1346 1539 1411 ali-

18 1449 22 1533 l
97 1455 216 1519 loeutus
235 1455 277 1519 sit
295 1461 328 1519 et
342 1453 489 1537 Neptuno
508 1453 541 1518 in
559 1452 791 1515 matrimonium
844 1452 970 1535 quando
1006 1451 1046 1516 ad
1083 1452 1235 1535 virginem
1270 1452 1412 1534 pervenit
1448 1452 1539 1534 eique

17 1589 23 1679 p
59 1572 87 1620 lo
97 1559 318 1624 adsumendum
356 1559 524 1624 adduxerit
565 1563 598 1622 et
634 1557 673 1621 oh
710 1557 792 1621 hano
844 1558 1008 1640 persuasit,
1031 1563 1067 1622 ut
1089 1558 1222 1623 nuberet
1241 1557 1396 1640 Neptuno,
1418 1565 1450 1622 et
1473 1559 1583 1641 ipse10

97 1687 219 1730 eausam
242 1667 324 1730 inter
346 1671 433 1730 astra
455 1666 634 1729 conlocatus
657 1664 705 1728 sit.
844 1665 970 1748 nuptias
993 1686 1101 1729 eorum
1123 1665 1365 1730 administravit.
1402 1685 1539 1747 proquo

843 1770 927 1838 laeto
964 1773 1045 1836 inter
1082 1771 1186 1836 sidera
1219 1770 1367 1854 Delphini
1404 1768 1539 1854 effigiem

843 1880 1023 1944 oonloeavit.
1065 1885 1097 1943 et
1119 1878 1180 1942 hoc
1202 1877 1350 1960 amplius:
1377 1876 1431 1959 qui
1455 1877 1537 1960 Nep-

843 1993 920 2051 tuno
939 1985 1106 2050 simulaora
1124 1981 1257 2060 faciunt,
1281 1982 1465 2066 delphinum
1483 1989 1538 2046 aut

843 2092 875 2156 in
898 2113 1006 2168 manu,
1033 2097 1090 2156 ant
1116 2091 1173 2154 sub
1191 2092 1273 2172 pede
1295 2092 1324 2154 ei
1347 2091 1538 2154 constituere
1550 2099 1583 2152 15

842 2198 994 2272 videmus;
1031 2199 1124 2282 quotlv
1148 2197 1292 2280 Neptuno
1324 2197 1537 2280 gratissimum

842 2325 908 2367 esse
932 2303 1135 2369 arbitrantur.

875 3531 887 3570 r
906 3515 1071 3584 Delphinum
1081 3513 1116 3568 R.
1135 3514 1307 3585 Delphynam
1323 3515 1353 3568 V.
1395 3533 1421 3570 ro
1429 3514 1579 3584 persuasit:

840 3603 926 3658 suasit
950 3605 979 3659 V.
1034 3620 1060 3662 ro
1078 3605 1105 3658 ei
1123 3603 1157 3660 R.
1177 3604 1236 3658 eius
1260 3604 1289 3658 V.
