3908 5802
391 631 579 710 sustentasse
601 623 717 706 sanat,
742 624 787 690 sic
809 623 959 689 insedisse
981 621 1087 688 ladam

392 733 543 797 devictam
564 732 655 812 ferna
678 737 738 809 est;
762 753 799 796 aa
821 736 887 796 tarn
913 731 1097 812 Tirynthius
1120 729 1232 795 aedera

390 839 529 904 inclutas
551 843 580 903 et
602 840 681 903 salia
703 838 806 919 fultas
827 837 957 902 sublime
974 842 1112 918 paterno
1134 843 1186 901 est.

389 945 516 1026 Iupiter
537 945 618 1010 hanc
639 947 769 1027 speciem
789 948 957 1010 itineratus
979 944 1091 1010 camba
1114 944 1256 1009 laborum

320 1063 372 1116 190
389 1053 530 1118 reddidit
553 1057 581 1116 et
603 1053 697 1117 talem
719 1053 803 1132 camai
820 1052 967 1132 permisit
991 1051 1133 1134 Olympo.
1213 1083 1217 1092 ·

98 1187 181 1260 salue
202 1177 292 1262 primi
317 1184 380 1242 tres
402 1199 511 1243 vorsus
533 1183 679 1242 accurate
701 1198 740 1240 ex
762 1177 861 1241 Arato
885 1177 1023 1260 expressi
1046 1182 1120 1242 sunt
1141 1197 1168 1240 v.
1192 1175 1234 1238 63
1257 1197 1280 1239 s.

380 1309 437 1388 τῆς
461 1295 494 1366 d'
518 1293 623 1366 αὐτοῦ
644 1300 799 1385 μογέοντι
822 1301 1012 1388 κυμίνδετοι
1036 1291 1132 1385 ἀνδρὶ
1155 1295 1264 1375 ἐοικός

381 1409 532 1487 εἴδωλον,
555 1399 594 1472 τὸ
617 1407 678 1491 μὲν
701 1399 792 1484 οὔτις
815 1404 987 1472 ἐπίσταται
1010 1397 1164 1491 ἄμφοδον
1188 1405 1303 1486 εἰπεῖν,

382 1508 460 1581 οὐδὲ
483 1517 549 1579 clar
573 1513 731 1598 κρέμαται
754 1527 863 1590 κεῖνος
885 1509 992 1599 πόνῳ.

95 1651 123 1704 nt
148 1641 184 1705 de
205 1641 339 1705 Hercule
366 1641 445 1705 nihil
474 1640 599 1706 ommno
623 1639 739 1704 Aratus
761 1639 858 1704 habet
881 1645 936 1704 aut
958 1637 1104 1704 habuisse
1127 1645 1243 1722 potestr,
1269 1643 1379 1704 eontra
1401 1637 1478 1703 haee
1501 1659 1609 1721 quam·

95 1771 177 1830 quam
207 1747 398 1832 amplilioatu
428 1746 534 1830 paullo
567 1753 599 1811 et
629 1745 761 1830 poeticis
788 1745 944 1810 coloribus
972 1753 1122 1812 exornata
1153 1746 1385 1811 accuratissime
1412 1746 1610 1810 consentiunt

96 1879 155 1920 eum
180 1855 472 1920 Catasterismarum
500 1853 692 1927 narratione,
728 1873 809 1936 quae
836 1875 906 1918 eum
934 1854 966 1916 iu
992 1853 1137 1935 Epitame
1164 1852 1313 1918 lacunosa
1339 1854 1394 1929 sit,
1421 1875 1459 1916 ex
1485 1851 1610 1935 Hygino

96 1961 290 2026 adscribenda
308 1966 363 2026 est
391 1959 432 2035 ΙΙ,
451 1961 470 2024 6
489 1958 570 2024 lianc
582 1958 806 2024 Eratosthenes
819 1959 984 2024 Herculem
1002 1961 1079 2024 dicit
1096 1980 1197 2040 separo
1210 1958 1389 2024 Dracarrem
1407 1959 1608 2037 emalaaotnm,

96 2068 127 2130 de
148 2089 205 2150 qao
233 2073 307 2131 ante
334 2068 487 2145 diripias,
514 2087 643 2146 eantque
660 2072 816 2146 patratam
839 2069 874 2129 at
898 2067 942 2130 ad
964 2067 1197 2144 decertandum,
1226 2067 1359 2130 sinistro
1380 2087 1478 2130 nrarm
1499 2066 1610 2146 pellem

97 2174 189 2252 leon-is,
214 2175 326 2238 dentre
344 2175 468 2238 clavam
486 2178 643 2238 tenentem.
682 2178 815 2237 conatur
833 2175 1007 2254 interficere
1026 2174 1192 2237 draconem
1209 2172 1428 2254 Hesperidum,
1454 2174 1510 2256 qui
1528 2193 1609 2237 raan-

97 2303 181 2360 piam
206 2281 310 2345 oculas
338 2282 495 2361 apernisse
521 2301 628 2344 somno
651 2285 774 2344 coactns
796 2281 1013 2358 marmarum
1041 2281 1097 2362 qai
1118 2280 1212 2344 aratis
1235 2285 1337 2345 castos
1360 2280 1526 2360 adpositas
1547 2301 1610 2345 esse

97 2387 323 2453 deruanstratar.
374 2387 411 2450 de
437 2387 492 2450 laaa
519 2388 613 2450 etiam
639 2387 801 2468 Panyasis
828 2388 863 2449 in
889 2386 1046 2451 Heraclea
1073 2383 1157 2451 diaeitl
1206 2386 1318 2452 irarum
1344 2389 1444 2470 ipitar
1465 2407 1610 2470 papnam

96 2493 206 2573 Iupiter
227 2495 407 2558 aetariratns
429 2495 512 2557 inter
535 2498 626 2558 astra
649 2495 817 2558 constituit.
855 2493 939 2558 unde
962 2495 1066 2574 nescia
1089 2515 1130 2558 au
1153 2495 1185 2556 in
1211 2495 1319 2558 Avieni
1340 2517 1366 2558 v.
1389 2495 1451 2558 189
1474 2498 1611 2559 miratus

97 2621 143 2682 pra
162 2605 326 2665 aeiseratrcs
348 2601 577 2666 restituendum
599 2601 655 2678 sit3
678 2622 750 2666 nam
774 2593 867 2680 nigror
892 2592 910 2663 ὁ
930 2592 1012 2678 Ζεὺς
1035 2601 1150 2685 κρίνας
1172 2592 1234 2664 τὸν
1258 2587 1368 2664 ἆθλον
1386 2597 1511 2688 μνήμης
1534 2601 1609 2685 Epi-

97 2714 176 2785 tome,
196 2708 282 2772 loris
305 2708 387 2772 lercrec
408 2708 546 2772 laborem
567 2709 734 2772 arremariae
756 2708 886 2790 elianam
908 2707 1075 2772 honorae-it
1098 2707 1192 2773 schol.
1216 2709 1319 2772 Germ.
1343 2708 1394 2772 BP
1418 2706 1543 2771 habeut.

171 2814 320 2879 Similiter
343 2837 424 2896 ‹yuae
443 2815 579 2880 Avienus
603 2837 628 2879 v.
648 2815 712 2879 369
732 2837 754 2879 s.
775 2815 813 2878 de
832 2814 972 2880 Geminis
991 2821 1110 2892 narrat,
1128 2817 1359 2881 accuratissime
1377 2837 1447 2878 eum
1466 2813 1608 2880 Cataste-

97 2923 186 2986 rismis
208 2923 419 2988 eorrsentiuut:

817 3012 920 3094 ipsias
944 3017 1047 3076 aniene

379 3117 529 3220 §semaeias
551 3119 651 3199 cespiti
676 3117 823 3183 Gerraiaaas
846 3121 904 3183 tibi
926 3139 1049 3182 cernere
1071 3119 1124 3199 fas
1147 3125 1192 3184 est

308 3235 361 3288 370
379 3224 576 3306 Spartanam
602 3225 750 3290 Gerreinos
773 3226 907 3290 saebalem
925 3225 1109 3308 prolemque
1135 3227 1288 3292 Tonantis

379 3334 534 3414 eyrepiam
557 3337 586 3395 et
603 3333 767 3418 patria⁵³)
786 3337 861 3412 post
883 3333 1008 3396 reddito
1031 3334 1165 3397 anserina
1187 3333 1280 3396 caela

377 3461 453 3502 nerra
475 3439 732 3503 Lacedaemoniis
755 3440 851 3502 Mars
874 3459 943 3502 cam
965 3437 1111 3502 eotnmset
1132 3439 1293 3520 Aplridnis

382 3546 517 3610 Castora
542 3545 682 3624 Cecropii
705 3545 779 3608 tulit
802 3545 999 3610 insolescentia
1023 3545 1095 3609 belli
1117 3567 1142 3610 ο.
1166 3569 1193 3628 q.
1218 3569 1240 3610 s.

101 3667 198 3733 iterum
219 3671 335 3756 Hygini
362 3671 458 3734 verba
485 3671 662 3735 adscribam
689 3669 787 3734 1122
814 3669 868 3734 sed
895 3671 951 3752 qai
979 3671 1016 3734 de
1041 3667 1169 3734 Castore
1195 3676 1224 3735 et
1252 3671 1378 3734 Polluce
1404 3670 1525 3747 dieunt,
1553 3671 1609 3736 hac

102 3776 218 3852 (euplius
239 3779 373 3856 addant,
397 3783 433 3842 at
458 3775 570 3842 Castor
592 3778 627 3840 in
652 3777 767 3858 oppida
790 3777 951 3857 Aphidnis
973 3777 1015 3841 sit
1043 3778 1168 3854 accisas,
1199 3797 1261 3858 aaa
1289 3781 1423 3857 tempore
1445 3774 1607 3841 Lacedae-

103 3897 187 3943 nones
211 3903 277 3948 cane
304 3883 546 3948 Atheniensibus
574 3883 685 3948 ballam
712 3889 889 3967 posse-rant·
920 3883 1003 3947 unde
1030 3885 1163 3966 adparet
1191 3883 1302 3947 Avieni
1329 3904 1356 3946 r.
1386 3883 1450 3946 372
1477 3884 1608 3948 restitu-

104 3985 197 4051 endum
219 4011 283 4055 esse

374 4101 450 4144 nane
473 4079 741 4146 Lacedaemonias
764 4079 859 4147 Mars
882 4101 950 4147 earu
973 4077 1120 4146 calcasset
1143 4077 1311 4162 Apdidnis.

108 4193 154 4259 iiun
173 4221 205 4266 ex
225 4204 273 4270 liis
297 4207 446 4290 exemplis
471 4229 563 4291 qutun
587 4207 649 4271 late
673 4213 839 4272 eorieentus
863 4213 970 4291 pateat
993 4206 1163 4289 intellegis;
1190 4214 1295 4271 cetera
1318 4206 1388 4270 vide
1412 4203 1443 4269 in
1467 4203 1609 4271 Cataste·

106 4301 241 4376 risuroruui
265 4314 470 4396 Fragmentis.
516 4315 570 4378 sed
595 4313 678 4396 quod
700 4313 939 4379 Catasterismos
961 4313 1001 4380 ab
1026 4315 1144 4380 Avieno
1166 4315 1264 4380 laotos
1287 4321 1318 4378 et
1341 4313 1524 4396 compilatos
1542 4334 1609 4378 esse

107 4407 253 4496 adfirmari,
280 4421 459 4504 scrupulum
488 4420 620 4485 fortasse
652 4441 775 4483 ornavere
807 4428 919 4503 potest.
970 4443 1041 4485 nani
1069 4445 1139 4486 euin
1167 4443 1237 4486 eum
1269 4420 1363 4485 etiarn
1395 4441 1465 4483 eum
1492 4415 1609 4502 Hygini

108 4511 256 4607 Astrologia
284 4533 349 4590 arm
376 4533 522 4591 {incurate
550 4547 719 4610 congruere
742 4527 916 4604 videamus,
945 4531 1019 4613 quin
1047 4528 1133 4592 illam
1160 4529 1264 4610 potius
1292 4525 1474 4590 adhibuisse
1497 4527 1609 4590 statui·

108 4625 175 4687 nus?
213 4641 243 4698 at
265 4636 399 4716 primum
422 4633 547 4716 (pridem
571 4634 741 4716 permirum
764 4641 846 4698 esset
868 4635 1020 4700 Asianum
1044 4657 1083 4699 ex
1105 4633 1229 4717 Hygino
1253 4655 1305 4698 eas
1332 4638 1453 4697 tautum
1477 4630 1609 4708 fabulas,

110 4745 170 4802 ‘llil
188 4735 223 4801 ad
240 4739 478 4805 Catasterismos
502 4740 643 4817 redeunt,
666 4741 843 4822 sumpsisse,
866 4749 994 4819 ceteras,
1017 4764 1095 4824 eluas
1114 4763 1151 4805 ex
1170 4739 1350 4824 Hermippo,
1372 4738 1609 4820 llegesiauaete‚

110 4829 162 4897 eliis
178 4838 307 4927 Hyginus
325 4845 430 4924 habet,
448 4847 528 4912 mira
546 4848 723 4912 earistantia
741 4847 927 4930 neglexisse;
952 4850 1066 4914 deiude
1085 4848 1323 4912 Cratesterismos
1342 4846 1558 4912 commentarii
1576 4847 1608 4914 iu

180 4958 287 4974 -—--.....

177 4996 205 5068 Μ)
216 5007 308 5072 patrio
326 5005 559 5075 Wilumauitzius,
574 5008 691 5078 propria
710 5005 782 5064 libri.
