3908 5802
1558 462 1599 534 15

66 649 252 716 tosthenem
279 647 435 714 exstitisse
461 648 529 732 ipse
551 647 693 732 Hyginus
721 651 867 722 testatum
895 653 998 714 exstat
1024 653 1127 720 autem
1151 646 1261 714 eadem
1283 645 1315 712 in
1340 645 1483 730 Epiteme
1509 645 1547 710 19
1571 632 1600 730 ᾧ

67 755 140 842 (τῷ
158 755 286 842 Peli.)
309 755 365 820 καὶ
388 746 484 832 ἐκδὺς
507 749 611 820 teme
634 746 695 842 τὴν
716 761 841 841 χρυσῆν
861 749 975 840 dende,
998 745 1091 832 ὅπως
1111 749 1326 842 μνημόσυνον
1349 750 1417 838 ἔχῃ·
1442 744 1542 830 αὐτὸς
1565 750 1600 818 δὲ
1688 766 1700 792 ·

67 862 122 940 εἰς
149 855 189 930 τὰ
217 855 321 946 ἄστρα
348 855 515 950 ἀπῆλθεν,
543 853 627 928 ὅθεν
654 853 882 948 ἀμαυρότερον
910 863 1072 944 φαίνεται.
1123 863 1186 928 iam
1213 862 1239 926 si
1267 861 1335 946 quis
1363 860 1480 945 Hygini
1506 857 1601 926 verba

67 969 329 1046 consideraverit,
347 968 564 1034 Eratosthenis
582 969 795 1036 narrationem
812 969 906 1034 alteri
924 968 1116 1045 historiolae,
1135 991 1214 1054 qnae
1234 991 1272 1034 ex
1290 969 1352 1034 alie
1365 968 1453 1034 lente
1467 965 1600 1042 fluxerit,

65 1077 203 1160 opponi,
229 1077 262 1141 in
291 1075 467 1142 Germanici
495 1081 601 1141 antem
627 1075 752 1142 scholiis
780 1075 858 1141 nihil
885 1081 1010 1159 praeter
1038 1075 1133 1142 verba
1160 1077 1229 1141 ideo
1257 1097 1325 1140 cnm
1346 1074 1535 1156 pellere-
1559 1071 1601 1138 sn

64 1187 214 1263 receptas
242 1203 280 1248 ex
303 1181 531 1249 Cataeterismis
559 1187 683 1266 sumpta
705 1203 771 1248 esse
794 1183 974 1266 suspicetur.
1021 1184 1104 1267 qued
1127 1184 1154 1248 si
1177 1203 1285 1248 verum
1306 1189 1400 1260 esset,
1427 1181 1601 1264 exemplum

64 1289 262 1356 haberemus
285 1289 476 1366 historiolae,
499 1311 578 1375 quae
596 1289 720 1374 Hygino
738 1297 809 1356 tum
828 1289 1005 1356 Germanici
1023 1290 1193 1373 interprete
1212 1289 1383 1354 eommunis
1401 1293 1483 1355 esset
1500 1307 1601 1371 neque

63 1403 180 1462 tamen
203 1418 241 1461 ex
259 1394 489 1462 Catasterismis
511 1395 664 1474 flexisset3
687 1397 734 1460 ita
756 1402 791 1462 ut
814 1397 978 1474 sententia,
1000 1418 1094 1481 quam
1112 1419 1207 1480 supra
1224 1397 1350 1482 protuli,
1372 1397 1485 1462 mirum
1503 1415 1601 1478 quau-

65 1509 141 1568 tum
163 1503 394 1586 infringeretur.
430 1509 465 1569 at
483 1501 661 1570 felicissime
679 1523 752 1568 casu
770 1503 984 1570 demonstrare
1001 1525 1163 1588 pessumus
1181 1506 1319 1588 priorem
1336 1525 1459 1589 queque
1477 1501 1601 1568 tabulae

65 1610 207 1676 forrnem
229 1611 262 1674 in
285 1609 516 1674 (latasterismis
538 1615 810 1676 commemoratam
833 1610 938 1687 fuisse,
961 1611 1020 1677 etsi
1043 1612 1076 1676 in
1098 1611 1243 1695 Epitome
1265 1613 1367 1678 altera
1388 1616 1512 1676 tanturn
1533 1629 1599 1674 ser-

67 1725 149 1782 vata
176 1718 224 1781 sit
269 1716 346 1782 haee
373 1718 455 1782 enim
483 1716 613 1800 legimus
640 1719 673 1781 in
696 1697 821 1783 scholiis
846 1718 970 1784 Arateis
992 1719 1033 1784 ad
1054 1741 1082 1783 v.
1106 1718 1171 1782 225
1193 1742 1222 1802 p.
1247 1719 1302 1796 70,
1332 1717 1371 1784 18
1394 1725 1517 1784 τοῦτον
1539 1707 1600 1781 τὸν

68 1815 173 1908 κριὸν
195 1815 429 1910 Ἐρατοσθένης
457 1819 541 1890 εἶναί
568 1839 647 1910 φησι
674 1814 735 1888 τόν
751 1814 864 1912 Ἕλλης
891 1827 948 1892 καὶ
974 1827 1112 1911 Φρίξον,
1141 1816 1181 1892 ὃν
1208 1821 1315 1904 θύσας
1343 1832 1391 1910 τῷ
1419 1825 1527 1908 φυξίῳ
1551 1823 1601 1888 Διὶ

73 1933 198 2015 Φρίξος
219 1922 281 2017 τὴν
300 1921 404 2016 δορὰν
423 1927 549 1996 ἔδωκεν
567 1925 686 2016 Αἰήτῃ·
712 1922 763 1996 ded
788 1932 844 1996 καὶ
865 1923 944 2011 τούς
968 1924 1106 2018 ἀστέρας
1125 1925 1230 2000 αὐτοῦ
1249 1925 1481 2018 ἄμαυροῦοθαὶ
1499 1946 1600 2018 φησιν

69 2030 121 2114 ὡς
145 2035 348 2122 ἐκδαρέντος,
386 2059 458 2104 nam
480 2037 536 2102 ubi
558 2038 591 2100 in
614 2037 663 2102 his
686 2037 811 2104 scholiis
830 2038 1055 2106 Eratosthenes
1073 2045 1341 2118 commemoratur,
1364 2039 1601 2105 Oatnsterismes

67 2143 215 2229 intellegi
243 2166 313 2210 mex
336 2145 570 2230 perspiciemus3
598 2145 731 2223 accedit,
758 2146 842 2228 qued
869 2146 982 2211 ultima
1002 2146 1099 2212 verba
1123 2152 1155 2214 et
1177 2147 1337 2231 Epitemes
1359 2147 1478 2212 ultimis
1501 2151 1534 2209 et
1556 2145 1601 2208 eis

68 2273 155 2337 qnae
178 2251 209 2314 in
234 2250 360 2317 scholiis
384 2251 560 2317 Germanici
583 2251 801 2318 Eratosthenis
824 2253 949 2318 nomine
971 2253 1157 2320 adferuntur
1179 2255 1376 2339 respondent
1423 2251 1506 2336 qued
1529 2271 1601 2316 vero

67 2360 217 2444 Hyginus
244 2357 336 2422 alteri
363 2363 487 2423 tantum
514 2357 639 2423 fabulae
668 2357 787 2424 termae
810 2359 1028 2426 Eratosthenis
1057 2383 1169 2428 nomen
1196 2361 1410 2446 praescripsit,
1437 2358 1601 2436 fecithoc,

69 2467 149 2551 quia
175 2465 274 2549 priori
297 2465 588 2530 Caereterismerum
616 2465 790 2531 narrationi
817 2467 968 2533 uerrnuHa
992 2467 1120 2533 aliunde
1143 2469 1316 2536 addiderat.
1362 2487 1434 2532 nam
1457 2465 1603 2532 verbani

69 2573 187 2638 arietis
210 2573 314 2654 ipsias
341 2572 474 2656 effigient
498 2611 538 2620 --
562 2572 658 2656 seyne
685 2573 749 2654 finit
776 2576 932 2660 cunse,²²)
960 2596 1031 2640 eum
1059 2597 1159 2660 neque
1185 2574 1269 2660 apud
1297 2573 1474 2640 Germanici
1503 2575 1601 2638 inter-

70 2687 194 2764 pretem
221 2683 344 2744 exstent
372 2683 403 2744 et
430 2677 470 2742 ab
498 2679 566 2762 ipsa
588 2680 713 2764 Hygino
740 2681 772 2746 in
801 2679 976 2746 fabularum
998 2681 1080 2748 libre
1103 2682 1135 2748 II
1158 2683 1273 2748 similia
1295 2687 1475 2760 narrentur,
1501 2703 1521 2746 a
1544 2679 1601 2746 Ca-

70 2787 260 2852 tasterismis
283 2785 394 2863 aliena,
417 2787 477 2870 ipsi
495 2786 619 2870 Hygino
641 2788 770 2872 propria
793 2809 860 2854 esse
883 2809 1002 2866 censen
1025 2789 1079 2872 qui
1101 2791 1143 2856 ad
1160 2790 1343 2874 primarium
1362 2789 1481 2854 fontem
1499 2809 1601 2854 rever·

71 2916 127 2958 sus
154 2897 313 2958 auctorem
340 2914 429 2958 suum
452 2893 599 2958 nominat.
645 2894 924 2974 similarent,
952 2895 1008 2962 ubi
1029 2895 1216 2982 Pherecydis
1240 2897 1425 2974 narrationi,
1453 2917 1545 2980 quam
1568 2895 1600 2959 in

72 3001 305 3066 Catasterismis
329 3001 456 3078 invenit,
479 2999 628 3066 uonnrdla
650 3023 696 3066 ex.
710 3001 895 3085 Asclepiade
918 3025 1010 3087 quern
1033 3003 1073 3069 ab
1096 3025 1133 3070 eo
1156 3005 1271 3070 lectum
1294 3025 1359 3070 esse
1381 3003 1543 3086 Epimetro
1569 3000 1599 3066 ll

74 3105 296 3172 demonstrabo
323 3108 446 3185 inserit,
472 3108 514 3174 ad
537 3105 748 3192 Pherecydem
770 3131 912 3176 reversus
935 3111 1049 3176 iterum
1072 3133 1183 3178 nemen
1208 3113 1274 3178 eins
1297 3112 1413 3178 diserte
1436 3107 1599 3175 adscribit:

74 3211 135 3276 lies
162 3217 265 3276 eahta
292 3213 482 3297 Pherecydes
504 3214 704 3282 Atheniensis
727 3215 834 3280 Isidem
860 3218 997 3282 earnes
1025 3239 1087 3283 csse
1115 3219 1307 3284 denarraret
1334 3237 1462 3282 numae
1488 3219 1603 3296 septen

76 3365 201 3380 .......
224 3317 282 3382 hue
309 3320 457 3386 dictentur
484 3343 506 3386 a
528 3320 675 3404 Lycurge
702 3323 833 3406 stipatae
861 3329 889 3388 ct
910 3329 1041 3404 praeter
1062 3325 1264 3390 Ambrosiam
1290 3345 1392 3390 omnes
1415 3323 1459 3388 nd
1484 3321 1603 3388 Thetim

68 3424 275 3507 prolapsisse,
299 3430 334 3489 nt
357 3428 403 3492 nit
425 3427 637 3508 notenses.
683 3430 746 3508 scd,
773 3435 806 3496 nt
829 3429 1019 3514 Pherecydes
1042 3431 1127 3512 dicit,
1152 3433 1197 3498 ed
1221 3431 1340 3498 lhehns
1363 3430 1511 3498 Liberam
1526 3449 1602 3509 per·

74 3530 178 3595 latent
199 3529 297 3594 Inoni
318 3533 529 3600 tradiderant.

162 3636 225 3702 Sed
253 3639 348 3704 redeo
375 3637 416 3704 ad
439 3639 617 3708 Germanici
645 3644 861 3728 interpretem
889 3667 961 3711 narn
984 3652 1020 3710 ut
1043 3648 1075 3712 in
1098 3645 1221 3731 Hygino
1246 3647 1395 3713 nonnulla
1417 3643 1603 3711 Catasteris-

71 3762 196 3810 merum
219 3744 355 3811 frustula
377 3745 606 3831 indagavimus,
628 3771 709 3832 quae
731 3751 771 3816 ab
794 3751 968 3836 interprete
992 3753 1168 3820 Germanici
1191 3753 1412 3837 praetermissa
1434 3753 1506 3829 sint,
1529 3772 1555 3814 v.
1579 3772 1603 3814 e.

71 3851 296 3934 aglaosthenis
314 3852 353 3918 de
373 3853 521 3939 delphine
540 3857 751 3922 narrationem
771 3857 898 3944 (Hygia.
913 3859 944 3924 11
962 3860 999 3926 17
1015 3883 1044 3943 p.
1060 3858 1111 3938 56,
1126 3858 1274 3936 25-57,
1294 3862 1329 3926 ll
1350 3859 1387 3926 ci.
1406 3879 1501 3942 supra
1515 3879 1543 3941 p.
1559 3857 1603 3942 8),

74 3958 119 4022 ita
141 3959 225 4042 apud
248 3958 336 4024 illum
355 3981 479 4044 queque
497 3963 601 4045 operis
620 3963 704 4030 illius
722 3964 899 4048 fragmenta
916 3967 1015 4031 latere
1033 3973 1172 4050 pessunt,
1195 3988 1275 4050 quae
1294 3967 1436 4052 Hyginus
1454 3965 1602 4030 onriserit.

74 4085 154 4146 quae
181 4085 231 4130 res
257 4072 293 4130 ut
315 4066 356 4130 ad
379 4067 534 4150 liquidum
556 4070 759 4154 perducatur,
786 4073 893 4155 paullo
915 4073 1091 4138 sarmatius
1114 4075 1145 4140 in
1169 4073 1271 4139 lentes
1294 4074 1360 4140 eius
1383 4071 1602 4157 inquirendum

75 4173 130 4233 est.
167 4191 206 4232 ex
229 4169 278 4236 his
301 4177 406 4238 mmen
429 4174 584 4240 Isidorum
607 4183 639 4242 et
662 4179 808 4244 Ovidium
831 4179 1011 4246 eximendos
1034 4201 1101 4246 esse
1124 4203 1241 4248 museo.
1278 4181 1391 4246 Isidori
1414 4179 1602 4245 mentionem

75 4297 103 4358 p.
121 4276 227 4353 101,3
245 4297 265 4342 a
282 4285 427 4362 pretereo
445 4282 671 4366 interpolatore
689 4285 830 4352 additam
849 4307 916 4352 esse
934 4286 1080 4352 arbitror.
1095 4309 1196 4372 neque
1210 4295 1314 4354 amen
1329 4309 1399 4354 cum
1413 4286 1449 4352 G.
1464 4284 1603 4352 Beckero

75 4381 315 4468 (Prelegemena
336 4387 369 4450 in
386 4387 543 4455 Isidorum
565 4413 594 4473 p.
613 4391 657 4477 X)
674 4391 902 4476 Hispaliensem
925 4393 1105 4478 episcopum
1127 4395 1371 4478 intellegendum
1394 4415 1461 4478 esse
1485 4413 1604 4477 negem,

74 4529 284 4538 -——.—.-

162 4596 195 4664 ²¹)
223 4596 372 4654 Bassianus
400 4599 593 4672 (Sitztmgsber.
621 4605 646 4658 d.
671 4605 697 4658 k.
722 4603 796 4676 bayr.
820 4605 973 4662 Akadsmie
1003 4607 1084 4674 1876,
1113 4609 1127 4663 1
1157 4625 1182 4676 p.
1207 4609 1251 4675 22)
1279 4605 1442 4676 Reginensis
1470 4613 1498 4662 et
1525 4606 1603 4662 Hen-

74 4685 213 4752 pessnlani
237 4685 353 4758 vestigia
375 4695 485 4745 secutus
508 4691 592 4746 scribi
615 4693 691 4747 iubet
715 4693 768 4748 Ine
791 4695 866 4762 qnod
889 4701 989 4750 testam
1011 4697 1108 4751 emerit
1131 4701 1201 4751 ente.
1239 4711 1310 4764 quae
1334 4697 1419 4751 rerba
1442 4713 1503 4750 curn
1525 4694 1604 4750 nobis

74 4791 122 4841 pre
142 4775 242 4831 veteris
260 4783 359 4846 poetae
379 4778 459 4834 latini
478 4779 631 4850 fragmento
649 4782 757 4848 rendit,
778 4799 874 4839 vereor
892 4791 923 4840 ut
941 4785 1040 4842 multos
1059 4791 1209 4842 sectatores
1228 4783 1359 4840 inueniet.
1398 4785 1497 4840 vellem
1518 4783 1604 4838 sirum

74 4863 267 4931 doctissimum,
288 4865 334 4936 qui
353 4868 387 4922 de
403 4869 504 4939 Hygini
522 4871 601 4926 libris
620 4875 671 4927 hac
690 4877 783 4928 aetate
803 4889 871 4928 unus
890 4873 961 4930 bene
980 4875 1087 4942 meruit,
1107 4877 1320 4931 demonstrasset
1338 4879 1386 4928 aut
1404 4875 1433 4930 in
1447 4873 1605 4944 Astrologia

73 4959 125 5020 aut,
148 4953 176 5008 in
205 4955 318 5012 Fabulis
347 4957 432 5014 ullam
459 4959 644 5016 uenationem
673 4967 771 5032 poetae
800 4961 886 5018 latine
909 4963 1012 5020 deteri.
1058 4963 1126 5020 mihi
1149 4963 1260 5034 quidem
1283 4963 1319 5018 ad
1342 4979 1456 5032 graeca
1479 4969 1605 5022 austeres

72 5041 163 5098 omnis
181 5043 273 5100 redire
292 5045 428 5102 ridentur.
466 5055 587 5105 ceterum
607 5051 642 5106 ct.
660 5051 833 5120 Epimetrum
852 5052 887 5106 11.
