3908 5802
353 354 373 420 8

440 529 579 594 Primum
605 529 702 614 igitur
728 527 760 594 11
783 529 826 594 22
853 551 882 614 p.
906 527 958 606 65,
980 528 1001 594 2
1028 528 1107 594 haec
1132 526 1291 610 leguntur:
1318 526 1373 592 sed
1400 527 1456 610 qai
1482 525 1520 591 de
1549 523 1677 592 Castore
1698 531 1728 592 et
1749 524 1893 590 Pollam

351 638 473 715 dicant,
500 635 556 700 boo
583 635 721 718 amplias
747 637 885 716 addmet,
913 641 948 700 at
974 634 1085 700 Castor
1111 636 1147 699 im
1170 633 1285 716 oppido
1308 633 1468 716 Aphidnis
1495 635 1537 698 sii
1564 635 1689 713 ocdeas,
1717 653 1781 716 qao
1806 638 1892 698 ioric-

346 763 427 824 2222
453 743 701 810 Lacedaemones
728 763 797 808 mm
823 743 1063 808 Atheniensibus
1091 741 1203 806 bellum
1229 745 1398 825 peccorum.
1449 762 1519 806 eum
1550 741 1600 808 his
1631 741 1743 806 ultima
1765 740 1892 824 capitis

352 848 448 915 verba
468 852 515 916 ita
536 849 718 929 cohaerent,
745 855 781 916 ut
808 850 913 916 divelli
940 855 1110 933 nequeant:
1137 848 1294 914 Pollucem
1320 847 1368 912 ait
1390 847 1546 913 Hmncrms
1572 849 1752 914 concessisse
1779 845 1893 927 fratri

352 958 518 1022 dimidiam
540 959 646 1021 eiiam,
692 958 802 1040 itaqm
824 957 957 1024 alteruis
980 957 1088 1022 anons
1110 976 1217 1021 eoram
1238 975 1390 1040 quemque
1413 955 1521 1020 lucere.
1563 962 1700 1038 atquae
1721 959 1822 1018 antea
1849 954 1892 1018 do

351 1063 481 1129 Castore
504 1068 536 1128 et
558 1063 684 1129 Polluce
707 1069 835 1130 2222212
857 1071 938 1142 sunt,
961 1085 1006 1140 ea,
1028 1085 1099 1129 cum
1121 1063 1154 1126 in
1172 1063 1317 1146 Epitcme
1336 1081 1458 1146 quoque
1481 1066 1611 1138 exstent,
1634 1083 1673 1127 ox
1691 1059 1892 1126 0212212212-

351 1170 409 1235 mis
432 1168 557 1237 fluxisse
580 1192 704 1237 necesse
726 1176 782 1235 est
827 1171 934 1255 itaque
956 1176 1079 1236 tantum
1103 1191 1166 1234 uon
1188 1169 1255 1254 ipso
1278 1173 1413 1234 testatur
1435 1168 1577 1254 Hyginus
1599 1167 1633 1234 se'
1656 1189 1692 1234 22
1715 1188 1798 1251 quae
1824 1168 1890 1230 ad-

294 1285 301 1302 '
350 1277 463 1362 scripsi
485 1276 580 1343 verba
603 1299 642 1343 ex
664 1277 895 1344 Catasterismis
918 1278 1092 1362 sumpsisse.

438 1411 560 1477 Deinde
595 1431 676 1495 quae
703 1410 734 1475 II
762 1411 803 1476 21
832 1433 861 1494 p.
885 1411 937 1487 69,
959 1411 1072 1475 9-13
1105 1411 1144 1475 de
1171 1408 1273 1494 figura
1304 1408 1415 1474 sideris
1451 1409 1534 1494 quod
1566 1408 1755 1491 Sagittarius
1787 1406 1889 1471 audit

349 1519 523 1594 adduntur,
553 1518 739 1584 necessitate
765 1519 899 1602 quadam
927 1518 1026 1582 coacti
1053 1517 1094 1582 ad
1122 1517 1359 1582 Catasterismos
1387 1516 1563 1593 referimus,
1590 1517 1649 1581 etsi
1678 1517 1709 1579 in
1732 1515 1889 1598 Epitomc

350 1625 465 1690 omissa
495 1624 566 1689 2121
611 1645 683 1690 nam
710 1646 780 1689 cum
806 1631 900 1689 antea
926 1624 1131 1708 Sagittarium
1159 1645 1251 1690 crura
1278 1623 1392 1707 equina
1418 1630 1451 1688 et
1478 1625 1609 1688 (nudam
1631 1621 1730 1706 satyri
1752 1620 1889 1694 habere,

349 1753 452 1814 neque
474 1737 580 1796 tamen
597 1737 779 1796 centaurum
798 1753 873 1808 esse,
896 1731 951 1796 sed
974 1730 1132 1797 hominem
1150 1730 1278 1796 Crotum
1297 1730 1421 1794 nominc
1440 1731 1615 1813 expositum
1633 1729 1684 1806 sit,
1702 1729 1888 1794 necessario
1932 1769 1933 1791 r

350 1859 388 1902 ex
416 1837 503 1904 Croti
529 1837 614 1902 illius
646 1839 711 1902 vita
736 1859 774 1903 ao
804 1838 944 1903 moribus
971 1845 1037 1904 tam
1063 1838 1144 1904 mira
1170 1837 1374 1903 conformatio
1402 1837 1586 1920 expulicanda
1612 1840 1668 1901 221
1717 1856 1816 1919 quare
1847 1857 1888 1898 en
1933 1831 1936 1916 l

350 1965 431 2028 quae
453 1945 596 2028 Hyginus
618 1945 753 2010 servavit
779 1944 875 2010 rerba
900 1945 988 2010 nullo
1015 1945 1108 2010 modu
1135 1946 1242 2011 deesse
1268 1966 1359 2028 posse
1386 1966 1486 2029 noque
1514 1944 1546 2008 in
1569 1941 1801 2008 Gatasterismis
1827 1943 1887 2006 de-
1934 1935 1937 2020 1

350 2049 446 2116 fuisse
469 2057 581 2117 statuo.
1935 2039 1938 2104 l

438 2184 525 2249 Inter
552 2207 590 2250 22
620 2206 701 2268 quae
728 2183 853 2268 Hygino
880 2205 951 2249 cum
978 2183 1123 2267 Epitome
1150 2184 1325 2250 communia
1351 2191 1425 2250 sunt
1451 2184 1533 2250 duae
1559 2189 1728 2249 occurrunt
1750 2181 1886 2247 fabulae

350 2313 388 2356 ex
407 2290 627 2375 Aglaosthenis
646 2291 771 2360 Naxiois
790 2297 931 2376 sumptae
950 2291 1077 2376 (Hygin.
1097 2290 1127 2354 [1
1146 2291 1167 2355 2
1185 2313 1214 2374 p.
1233 2291 1286 2367 31,
1304 2293 1346 2356 23
1365 2313 1388 2356 2.
1406 2320 1451 2348 =
1469 2291 1615 2376 Epitcme
1633 2289 1664 2354 11
1683 2313 1713 2374 p.
1731 2289 1806 2364 240,
1831 2290 1883 2354 14.

349 2403 383 2463 n
409 2398 522 2483 Hygin.
550 2397 581 2466 11
617 2399 655 2462 lc
683 2420 713 2481 p.
742 2397 798 2474 ue,
830 2399 851 2462 2
878 2426 922 2455 .-.
949 2398 1093 2481 Epaone
1120 2397 1208 2462 xxx
1234 2420 1264 2482 p.
1292 2398 1369 2475 esc,
1397 2399 1467 2486 22),
1498 2419 1631 2481 quarum
1662 2397 1754 2462 uae
1781 2397 1886 2460 aaa
1933 2386 1939 2453 :

350 2503 458 2570 fabula
483 2525 564 2588 quae
591 2509 624 2570 et
650 2505 683 2570 in
706 2505 851 2590 Epitome
879 2497 912 2569 Ι21
933 2506 1017 2588 apud
1040 2504 1198 2588 Hyginum
1221 2505 1379 2570 tricesima
1400 2527 1484 2570 nona
1505 2512 1553 2570 221
1575 2512 1641 2570 tam
1664 2511 1798 2586 cognata
1820 2511 1883 2578 cst,

277 2675 280 2684 ,
349 2616 386 2675 21
407 2611 492 2676 illam
515 2632 638 2696 quoque
661 2633 699 2675 ex
724 2610 936 2694 Aglaosthene
962 2613 1094 2695 petitam
1121 2631 1189 2676 esse
1211 2609 1303 2675 facile
1326 2633 1528 2677 concessurus
1553 2613 1604 2678 212
1649 2618 1698 2676 122
1725 2611 1824 2694 igitur
1847 2613 1882 2675 in

350 2715 579 2782 Catasterismis
606 2718 849 2801 hglaosthenem
871 2716 1049 2782 anihibitum
1076 2738 1144 2782 esse
1166 2717 1313 2794 vidimus,
1338 2725 1485 2801 quartum
1512 2718 1674 2783 adhibitus
1697 2724 1745 2783 221
1767 2718 1800 2782 in
1825 2719 1883 2794 212,

349 2845 430 2906 quae
461 2824 545 2906 apud
578 2824 735 2907 Hyginum
763 2825 794 2888 ΙΙ
829 2825 1000 2907 11256,
1028 2824 1071 2888 25
1099 2863 1140 2872 -
1169 2824 1221 2901 57,
1252 2825 1273 2888 3
1305 2825 1460 2910 leguntur.
1515 2847 1595 2908 quae
1626 2845 1813 2909 quamquam
1847 2827 1881 2888 in

349 2930 494 3013 Epitome
521 2931 635 2995 omissa
662 2937 734 2996 sunt
761 2931 802 2996 ad
829 2931 1069 2996 Catesterismos
1096 2931 1213 2996 referre
1240 2953 1277 2996 ec
1304 2931 1406 2997 minus
1434 2931 1660 3008 dubitabimus,
1692 2953 1754 3014 quo
1776 2933 1882 2996 rarior

349 3036 570 3120 Aglaosthenis
593 3043 642 3102 est
664 3038 697 3102 in
719 3037 908 3120 antiquitate
930 3039 1087 3104 memoria
1193 3095 1198 3104 .

436 3168 536 3235 Simili
558 3171 830 3254 argumentatione
856 3171 940 3236 inter
963 3170 1255 3236 Catasterismorum
1278 3169 1454 3256 fragments
1479 3172 1605 3256 recipio,
1631 3193 1711 3256 qnae
1736 3170 1880 3256 Hyginus

349 3275 424 3340 115
452 3299 481 3359 p.
505 3277 556 3352 39,
583 3279 666 3340 1-4
695 3279 733 3342 dc
762 3275 884 3342 (122222
911 3278 1004 3362 plura
1029 3284 1140 3342 narrat
1171 3301 1240 3343 eum
1268 3285 1405 3355 secutus,
1439 3281 1495 3360 qui
1525 3275 1647 3342 Oroiica
1678 3279 1880 3359 conscripsit;

348 3403 441 3467 quem
463 3383 679 3468 Epimenidem
703 3405 769 3448 esse
793 3384 888 3450 verba
910 3384 1070 3470 Epitomes
1089 3384 1208 3450 XXVII
1232 3377 1432 3469 Ἐπιμενίδης
1455 3377 1474 3448 ὃ
1497 3376 1539 3450 τὰ
1562 3377 1709 3472 Κρητικὰ
1733 3381 1880 3470 12222232·

349 3491 574 3554 demonstrant
611 3512 673 3574 qun
690 3513 725 3556 22
744 3491 960 3574 Epimenidem
978 3493 1010 3555 in
1030 3490 1261 3556 Catasterismis
1279 3491 1468 3575 exscriptum
1483 3491 1578 3557 luisse
1597 3499 1726 3569 eertum,
1744 3493 1879 3558 eundern

348 3595 389 3660 ab
409 3596 532 3680 Hygino
555 3596 667 3661 lectum
686 3618 753 3662 esse
771 3619 881 3681 parum
900 3597 1064 3682 probabile
1082 3603 1138 3664 est.
1176 3599 1282 3681 itaque
1299 3597 1441 3681 Hyginus
1459 3599 1592 3664 alterum
1611 3621 1734 3682 qnoque
1751 3599 1880 3682 Epime-

348 3703 430 3766 nidis
453 3703 662 3786 fragmentum
685 3725 722 3768 ex
745 3704 976 3769 Catasterismis
1000 3705 1138 3788 sumpsit
1184 3704 1267 3788 quod
1290 3725 1330 3769 ne
1356 3705 1529 3771 inconsulto
1551 3706 1737 3772 conclusisse
1761 3707 1881 3784 videar,

348 3809 519 3886 considere,
542 3831 666 3894 quaese,
688 3811 757 3894 ipsa
774 3811 935 3894 Epitomes
954 3811 1049 3876 verba
1062 3812 1099 3876 V:
1121 3809 1264 3888 libenter,
1288 3811 1406 3895 opinor,
1429 3814 1578 3877 concedes
1596 3813 1746 3877 nonnulla
1763 3813 1882 3880 omissa

348 3935 424 3980 esse.
470 3939 541 3980 2222
565 3939 626 4000 quo
648 3919 753 3992 medo,
776 3917 918 3996 obsecro,
941 3917 1079 3983 Theseus
1101 3917 1169 3983 cius
1190 3939 1323 3983 coronae
1350 3918 1516 4001 splendore
1539 3941 1577 3982 ex
1604 3919 1784 4002 Labyrintho
1811 3943 1880 3986 ser-

347 4023 415 4086 vari
442 4029 557 4106 potest,
585 4044 678 4106 quam
706 4023 786 4088 Naxi
814 4025 938 4088 demum
967 4025 1107 4090 Ariadne
1132 4045 1152 4088 a
1180 4025 1300 4089 Venere
1327 4026 1500 4109 acceperit?
1547 4047 1676 4108 prorsus
1702 4029 1881 4094 necessaria

348 4149 386 4193 22
407 4129 503 4194 verba
525 4134 599 4194 sunt
621 4150 709 4213 quae,
732 4153 801 4194 cnm
825 4132 856 4195 in
880 4131 1025 4214 Epitome
1048 4138 1122 4196 ante
1140 4123 1320 4212 Ἡφαίστου
1344 4138 1399 4195 221
1425 4132 1599 4196 exciderint
1625 4137 1681 4198 221
1702 4132 1743 4197 ab
1766 4133 1879 4216 Epito-

347 4241 467 4300 matore
490 4236 604 4301 omissa
626 4236 698 4313 sint,
721 4237 863 4320 Hyginus
886 4241 1029 4314 servavit,
1052 4239 1166 4322 quibus
1195 4240 1256 4304 iam
1284 4240 1316 4301 in
1340 4238 1434 4303 Creta
1456 4238 1604 4303 Liberum
1627 4239 1707 4304 hane
1729 4261 1879 4308 ceronam

248 4385 251 4394 ·
347 4341 507 4406 Ariadnae
530 4343 653 4408 dedisse
676 4341 860 4426 Epimenide
882 4351 1011 4409 auctore
1033 4355 1189 4410 narratur.

435 4476 521 4542 Haec
543 4476 640 4560 igitur
662 4497 701 4541 ex
723 4476 955 4543 Catasterismis
977 4479 1144 4562 sumpsisse
1168 4477 1324 4563 Hyginum
1348 4479 1423 4544 satis
1447 4485 1533 4543 certa
1555 4481 1677 4546 ratione
1700 4481 1797 4546 212121
1820 4503 1877 4565 22-

348 4587 418 4647 1221.
467 4584 523 4647 sed
550 4583 672 4666 longius
699 4585 810 4667 pedem
837 4585 978 4668 proferre
1006 4607 1068 4650 222
1099 4587 1199 4650 ausim
1226 4587 1286 4650 nisi
1318 4585 1466 4651 subsidiis
1498 4585 1737 4671 circumspectis.
1787 4590 1875 4672 atqui

347 4683 499 4754 obria'ca
522 4690 554 4754 in
577 4691 735 4757 scholiis
760 4693 795 4756 in
820 4690 1025 4756 Germanici
1049 4691 1188 4758 Aratea
1211 4693 1451 4776 conscriptiS,
1479 4714 1559 4778 quae
1581 4695 1708 4776 quidem
1729 4694 1763 4758 in
1786 4695 1875 4760 libris

345 4797 518 4862 Basileensi
547 4803 579 4862 21
605 4796 748 4863 Parisino
776 4802 899 4863 servata
925 4806 1095 4882 praeeunte
1118 4799 1280 4884 Breysigic
1307 4799 1452 4865 scholia
1474 4801 1710 4866 Basileensia
1731 4822 1876 4870 vocamus

347 4903 387 4994 (v.
403 4903 581 4972 Germanici
596 4904 713 4972 Aratea
727 4905 774 4973 ed.
789 4904 927 4992 Breysig.
941 4929 970 4991 p.
986 4905 1163 4995 55-104).
1191 4908 1269 4974 haee
1283 4908 1379 4990 igitur
1393 4907 1510 4974 scholia
1524 4909 1564 4976 ab
1579 4907 1704 4974 homins
1718 4908 1875 4978 Lactantii
