3920 5806
355 423 419 488 216

354 601 481 666 exhibet
509 621 602 687 quam
628 601 846 684 Frisingensis.
870 600 1009 665 velutin
1032 600 1095 665 fab.
1119 599 1163 676 II,
1185 598 1240 663 ubi
1269 599 1308 662 de
1331 598 1447 664 Arione
1475 619 1576 663 sermo
1600 601 1660 674 est,
1686 595 1766 662 haec
1789 596 1898 660 verba

352 711 387 772 ut
414 709 556 772 cimtates
583 711 652 772 arte
678 728 738 772 rua
760 707 963 784 inlustraret,
991 706 1051 772 uisi
1080 707 1162 790 quod
1189 727 1248 790 pro
1268 705 1456 770 inlustraret
1483 703 1681 770 scribendum
1704 708 1752 769 est
1770 703 1897 784 perlu-

351 819 479 892 straret,
502 815 684 899 ceteroquin
707 835 784 880 sana
802 820 882 879 sunt.
917 821 1027 880 contra
1049 813 1271 896 Frisingeusis:
1293 833 1355 892 per
1382 812 1539 877 ciuitatum
1562 815 1662 875 artua
1683 831 1776 876 suam
1798 810 1896 873 iuli:-

351 998 472 1071 strare
503 993 652 1058 nimirum
679 993 713 1056 in
739 991 908 1076 archetypo
937 993 1016 1057 haec
1042 991 1242 1075 legebantur:
1269 995 1305 1055 ut
1331 991 1472 1055 unitates
1499 994 1569 1054 arte
1594 1010 1655 1052 sira
1676 932 1895 1052 irilustraret.

352 1099 385 1164 in
408 1101 518 1166 eadem
541 1099 649 1165 fabula
667 1098 840 1164 Strozziani
863 1099 972 1163 verba:
995 1098 1050 1163 ille
1071 1119 1166 1178 samu
1187 1118 1286 1162 uuum
1308 1119 1346 1160 ee
1363 1097 1413 1161 lais
1429 1117 1461 1161 se
1478 1096 1714 1176 praecipitavit,
1739 1096 1799 1176 qui
1817 1115 1897 1158 entur

352 1255 416 1270 ...
442 1205 554 1272 detulit
576 1206 668 1288 longe
692 1213 854 1288 praestant
877 1207 934 1282 eis,
957 1227 1038 1288 quae
1061 1206 1269 1289 Frisingensis
1291 1205 1401 1269 habet:
1425 1203 1538 1284 qualum
1559 1202 1614 1266 ille
1635 1203 1713 1265 aisis
1734 1223 1768 1264 se
1785 1223 1894 1282 prae-
1947 1182 1948 1260 l

351 1313 503 1392 u'pitarit.
538 1314 594 1396 qui
612 1333 681 1376 eum
698 1312 856 1378 sublatum
874 1312 1050 1376 attuleruut
1068 1333 1093 1376 e.
1114 1335 1143 1394 q.
1159 1333 1201 1390 s.;
1219 1334 1292 1376 nam
1311 1333 1372 1395 quo
1391 1313 1483 1376 modo
1502 1310 1653 1374 Arionem
1670 1308 1893 1391 compluribus

350 1419 507 1502 delphinis
526 1427 649 1484 vectum
668 1440 735 1484 esse
754 1419 885 1502 cogitari
904 1420 1027 1503 potest?
1051 1419 1165 1484 deinde
1185 1439 1264 1504 quae
1284 1421 1316 1482 iu
1335 1417 1397 1483 fab.
1417 1418 1442 1480 V
1463 1419 1496 1481 in
1514 1416 1707 1498 Frisingensi
1725 1417 1895 1498 leguntur,
1947 1483 1948 1488 γ

349 1547 477 1610 prorsus
504 1527 613 1608 inepta
639 1534 726 1603 suut;
754 1547 827 1590 nam
850 1533 1015 1609 postquam
1039 1531 1199 1590 narratum
1228 1533 1276 1591 est
1298 1524 1495 1589 Phaethonte
1517 1545 1537 1587 a
1560 1522 1632 1586 Iove
1655 1515 1787 1586 fulmine
1809 1543 1892 1604 per·
1947 1547 1948 1560 ¹

350 1653 438 1698 casso
470 1633 576 1697 omnia
607 1632 718 1697 ardere
745 1634 897 1716 coepisse,
929 1634 976 1697 ita
1002 1632 1158 1717 pergitur:
1193 1631 1279 1697 Iouis
1305 1637 1452 1696 mamae
1478 1651 1576 1713 pertus
1602 1628 1787 1694 mortalium
1813 1649 1890 1690 cnm
1947 1605 1948 1623 Χ

350 1759 448 1804 eausa
470 1739 668 1821 interficeret,
691 1738 853 1804 simulauit
871 1759 903 1804 sc
920 1741 956 1804 iol
974 1740 1051 1804 uelle
1069 1741 1258 1822 ertiupuere,
1282 1759 1389 1802 amues
1406 1738 1546 1818 audique
1563 1737 1713 1818 irripaait
1732 1755 1890 1816 auraeque

348 1865 447 1926 aeuus
467 1846 650 1910 mortalium
671 1847 794 1911 interiit
810 1851 942 1926 praeter
964 1845 1124 1927 Pyrrham
1147 1850 1175 1910 ct
1197 1845 1431 1910 Deucalionem.
1461 1843 1648 1908 delirantem
1670 1843 1756 1924 loqui
1780 1841 1887 1905 credi-

349 1951 446 2026 derim
476 1957 552 2035 apta
583 1974 619 2016 ac
649 1953 757 2034 procul
790 1952 886 2018 dubio
919 1955 1055 2035 genuina
1080 1953 1233 2036 praebent
1259 1952 1379 2016 scholia
1406 1949 1601 2016 Strozaiana:
1634 1950 1740 2014 munia
1768 1948 1888 2011 ardere

349 2058 483 2138 coepisse
505 2079 664 2138 causaque
690 2060 895 2140 eatiupueuoli
922 2061 1084 2122 arriousos
1111 2079 1219 2122 amnes
1244 2060 1399 2123 irumrkssos
1426 2078 1490 2122 csse
1522 2077 1670 2137 emurque
1697 2054 1887 2120 mortalium

347 2185 446 2245 aruris
462 2165 606 2229 interisse
623 2169 755 2246 practer
776 2163 937 2247 Pyrrham
960 2169 988 2228 et
1011 2163 1245 2230 Deucalionem.
1278 2167 1386 2247 itaque
1409 2186 1471 2230 uon
1490 2171 1639 2247 corrupta
1656 2167 1782 2227 tantum
1800 2169 1886 2236 sunt,

348 2291 429 2353 quae
455 2271 663 2354 Frisingensis
690 2271 800 2348 habet,
827 2271 883 2336 sed
910 2271 1005 2335 etiam
1032 2272 1072 2336 ab
1096 2273 1203 2355 inepto
1227 2293 1264 2336 ac
1286 2278 1433 2354 protervo
1456 2270 1680 2354 interpolatore
1704 2267 1886 2332 foedissime

348 2378 535 2454 deformata,
563 2379 617 2462 qui
640 2378 718 2442 illud
741 2378 947 2460 eutiupueudi
968 2399 1066 2442 causa
1089 2401 1152 2443 non
1175 2381 1215 2443 de
1238 2380 1323 2461 igue,
1350 2379 1405 2442 sed
1429 2378 1468 2441 de
1491 2397 1605 2460 genere
1627 2375 1765 2439 humano
1788 2373 1884 2438 iutel-

346 2485 425 2551 lexit
448 2491 614 2570 ceteraque
637 2484 807 2551 insolenter
829 2486 961 2550 addidit.

434 2626 501 2693 lam
524 2627 692 2692 videndum
716 2633 773 2703 est,
795 2649 870 2691 uum
897 2625 975 2692 haee
1001 2626 1253 2711 interpolationis
1277 2627 1310 2690 in
1334 2627 1524 2710 Frisingensi
1549 2626 1681 2708 vestigia
1702 2622 1800 2688 latius
1823 2642 1882 2704 pa-

346 2739 443 2798 teant.
476 2754 527 2809 ea,
558 2755 640 2816 quae
671 2735 711 2799 de
743 2733 941 2798 Phaethonte
973 2735 1006 2798 in
1034 2733 1217 2798 Strozziano
1244 2733 1406 2816 leguntur,
1437 2733 1609 2816 perfectam
1640 2730 1883 2814 absolutamque

346 2841 559 2904 narrationem
591 2838 745 2919 efficiunt,
780 2840 831 2905 cui
863 2865 901 2906 ne
932 2840 1062 2906 verbum
1095 2841 1220 2925 quidem
1248 2841 1322 2905 addi
1355 2841 1495 2926 patiaris.
1532 2846 1566 2905 at
1599 2836 1709 2903 eadem
1737 2837 1770 2901 in
1798 2836 1882 2900 libro

346 2945 536 3030 Frisingensi
563 2947 597 3010 in
624 2947 686 3012 duo
714 2947 820 3031 capita
844 2947 907 3012 152
931 2955 963 3013 et
988 2948 1051 3012 154
1079 2948 1179 3012 divisa
1202 2953 1288 3024 sunt,
1315 2968 1448 3032 quorum
1475 2947 1610 3012 alterum
1633 2944 1673 3010 ab
1702 2944 1752 3008 his
1776 2942 1881 3008 verbis

345 3054 469 3137 incipit:
502 3052 680 3132 Plsaetlrom
707 3054 850 3136 Clprueui
872 3053 957 3119 Solis
983 3054 1047 3137 filii
1069 3061 1098 3120 et
1120 3055 1266 3135 Meropes
1288 3054 1443 3137 uprrrplrac
1465 3053 1568 3135 filias,
1597 3073 1694 3132 piram
1720 3050 1877 3116 Oeearriti-
1947 3103 1948 3135 ,

345 3159 414 3224 dem
445 3161 634 3240 accerrimae,
666 3181 735 3224 cum
761 3162 879 3225 iudicio
902 3163 1011 3242 patris
1038 3183 1133 3227 aurem
1159 3160 1261 3226 Solem
1293 3161 1496 3244 repuerascat,
1528 3159 1706 3239 impetratis
1733 3158 1878 3220 curribus
1947 3203 1948 3218 ,

344 3266 426 3331 urale
448 3287 525 3332 :rsus
546 3272 608 3346 est,·
630 3287 706 3332 uam
728 3289 797 3331 cunr
819 3273 896 3333 esset
914 3269 1050 3348 propias
1072 3274 1191 3333 terram
1213 3273 1326 3345 uectus,
1349 3269 1452 3332 uicluo
1474 3268 1543 3350 lpui
1567 3267 1673 3330 crau-ia
1696 3264 1873 3346 conflagra-

344 3379 420 3438 raut
446 3379 475 3438 et
505 3373 638 3455 ficturum
664 3375 745 3438 ictus
774 3375 811 3439 iu
841 3375 958 3454 slrtmeu
985 3375 1111 3439 Pactu-m
1138 3375 1255 3439 cecidit.
1288 3375 1339 3439 lu'e
1365 3375 1470 3438 amuis
1497 3395 1518 3437 a
1549 3373 1683 3436 Graecis
1708 3370 1874 3434 Evidentes

344 3479 471 3557 dieitur,
495 3501 586 3560 quem
606 3479 797 3564 Plureepcles
809 3483 937 3562 primus
955 3483 1086 3546 uocauit.
1118 3481 1198 3546 ludi
1220 3485 1334 3560 auteur,
1359 3481 1444 3564 paracl
1462 3479 1566 3544 calore
1584 3478 1681 3542 motui
1698 3478 1785 3560 ipuis
1802 3495 1874 3540 sau

342 3587 415 3670 puis
441 3587 477 3650 iu
503 3592 611 3651 atrum
637 3587 769 3654 colorem
795 3609 903 3652 versus
929 3593 989 3665 est,
1017 3588 1105 3671 uipri
1131 3592 1205 3652 suut
1231 3588 1321 3668 faeti.
1354 3588 1441 3654 vides
1470 3587 1536 3652 fere
1558 3587 1667 3651 eadem
1690 3584 1743 3648 hic
1766 3583 1874 3667 repeti,

343 3713 424 3776 quae
450 3693 515 3758 iam
539 3693 572 3756 iu
595 3692 704 3760 fabula
729 3695 1051 3771 retransmeant:
1078 3701 1111 3760 et
1134 3696 1211 3760 satis
1226 3695 1415 3773 inscienter,
1442 3717 1512 3760 cum
1534 3691 1711 3768 Phaethon,
1738 3689 1874 3774 Meropis

343 3799 467 3864 nomine
499 3821 535 3864 re
565 3799 647 3864 Solis
679 3823 716 3866 ex
748 3801 895 3886 Clymeno
923 3802 1038 3868 Oceani
1070 3799 1136 3866 filia
1166 3800 1263 3880 filius,
1293 3822 1459 3886 perperam
1487 3799 1627 3885 Clymeni
1649 3797 1731 3863 Solis
1759 3795 1817 3861 filii
1844 3801 1875 3861 et
1947 3785 1948 3790 ἵ

343 3905 488 3990 Meropes
513 3906 670 3991 nymphae
696 3907 779 3973 filius
806 3909 939 3974 dicatur.
971 3931 1072 3992 neque
1105 3909 1187 3973 enim
1215 3909 1255 3973 de
1282 3908 1461 3992 corruptela
1487 3907 1687 3994 cogitandum
1716 3909 1779 3981 est,
1807 3925 1875 3970 cum

342 4012 476 4096 scriptor
495 4013 541 4078 ita
558 4021 684 4098 pergat:
707 4035 776 4082 cum
793 4014 912 4078 iudicio
925 4016 1057 4096 patris
1080 4037 1187 4079 auum
1204 4012 1308 4082 Solem
1325 4015 1523 4097 aequavisset.
1555 4013 1714 4080 luculento
1733 4009 1874 4094 exemplo

342 4119 507 4204 intellegis,
530 4123 615 4205 quod
638 4120 756 4187 dudum
778 4121 857 4186 mihi
880 4128 1012 4200 constat,
1034 4122 1151 4187 librum
1169 4123 1402 4206 Frisingeusem
1424 4121 1465 4188 ab
1487 4122 1615 4186 bomine
1633 4120 1709 4186 satis
1728 4117 1874 4202 imperito

342 4233 487 4310 proterve
510 4229 735 4310 interpolatum
758 4249 837 4306 esse,
864 4231 918 4314 qui
941 4236 973 4295 et
995 4235 1079 4294 totas
1102 4229 1354 4294 narratiunculas
1378 4230 1417 4294 de
1440 4251 1496 4294 suo
1519 4228 1652 4294 adderet
1674 4233 1707 4292 et
1729 4246 1873 4292 nonnun-

343 4355 437 4417 quam
461 4356 499 4398 ex
522 4354 593 4410 una,
616 4355 709 4417 quam
729 4335 762 4400 iu
779 4335 949 4420 archetypo
970 4337 1146 4414 invenisset,
1170 4335 1277 4401 fabula
1295 4333 1434 4401 efficeret
1452 4337 1539 4401 duas.
1562 4341 1657 4419 atque
1675 4333 1728 4398 hic
1746 4331 1871 4415 quidem

342 4438 434 4506 facile
462 4441 655 4524 deprehendi
686 4449 804 4525 potest:
836 4464 909 4508 nam
936 4464 1016 4527 quae
1044 4443 1158 4527 prioris
1185 4441 1311 4508 fabulae
1338 4443 1433 4508 verba
1465 4447 1538 4508 sunt
1565 4449 1718 4507 extrema:
1752 4457 1872 4504 sorores
1947 4433 1948 4440 '

341 4545 564 4625 Phaethontis,
592 4549 677 4628 quod
699 4570 795 4630 equos
817 4550 942 4614 iniussu
960 4551 1070 4631 patris
1091 4551 1280 4628 luuaeruut,
1302 4549 1339 4613 iu
1362 4549 1491 4614 arbores
1507 4549 1645 4634 populos
1667 4549 1870 4613 caumatalae

341 4657 429 4730 suut,
451 4655 492 4718 ab
516 4654 634 4720 eisdem
656 4655 787 4721 alterius
809 4658 946 4740 genuina
968 4657 1123 4740 particula
1145 4657 1270 4740 incipit:
1296 4677 1420 4722 sorores
1441 4662 1546 4722 autem
1570 4655 1775 4721 lli-aethram
1798 4653 1867 4718 dum
1947 4689 1948 4696 κ

339 4761 502 4826 imeritam
534 4762 647 4842 defleat
682 4762 813 4844 fratria,
845 4764 881 4826 iu
909 4763 1037 4829 arbores
1062 4769 1137 4827 sum
1164 4763 1300 4844 populos
1326 4784 1442 4828 uersae.
1476 4786 1556 4848 qnae
1582 4784 1656 4829 vero
1685 4760 1866 4844 interposita

341 4873 428 4946 sunt,
455 4890 518 4933 non
544 4869 585 4933 ab
608 4868 733 4953 Hygino
760 4868 915 4953 profecta,
947 4871 1003 4936 sed
1032 4871 1073 4936 ab
1101 4870 1328 4954 interpolatore
1355 4871 1466 4936 addita
1492 4878 1579 4947 sunt,
1611 4871 1678 4955 qui,
1708 4867 1743 4932 ni
1770 4865 1864 4939 ullor,

341 4973 445 5040 Ovidii
468 4976 760 5060 metamorphoseon
784 4976 901 5041 librum
924 4975 955 5041 ΙΙ
978 4977 1110 5042 reddere
1132 4976 1244 5054 voluit,
1267 4998 1325 5060 pro
1349 4976 1556 5061 Aethiopibus
1579 4977 1665 5043 Indis
1688 4975 1861 5060 suppositis:
