3920 5806
219 419 319 474 Senon.
337 418 430 476 Grau
450 419 481 476 G.
502 437 528 490 p.
548 421 607 486 170,
628 421 668 476 17.
1115 420 1246 474 Hrornus
1265 419 1300 485 ΙΙ,
1319 421 1361 476 83.
1548 421 1611 488 173

912 600 972 668 Hic
1002 600 1119 666 dicitur
1153 599 1279 666 Orionis
1314 621 1424 667 cenem
1458 599 1567 687 fugero
1626 597 1764 654 XXXIV

867 707 1022 782 venantis3
1050 727 1123 772 nam
1150 728 1221 771 cum
1247 711 1283 772 ut
1305 709 1474 792 oportebat
1496 731 1568 775 eum
1639 688 1739 758 Im·

867 820 1046 880 venatorem
1072 813 1250 890 finxissent,
1277 815 1444 882 voluerunt
1471 817 1567 882 etiem

867 919 1044 1005 significsrc
1066 920 1173 1006 aliqua
1196 921 1235 986 de
1259 942 1365 999 ccusc3
1392 924 1499 1009 itaque
1522 925 1567 990 le-

867 1048 974 1112 porem
1000 1028 1041 1093 cd
1064 1027 1131 1093 cius
1153 1028 1250 1112 pedes
1271 1027 1445 1112 fugientem
1468 1028 1565 1096 finxe-
1594 1041 1611 1094 5

869 1139 953 1201 runt.

165 1241 228 1307 Sub
260 1241 392 1326 pedibus
425 1263 559 1325 numque
590 1241 716 1309 Orionis
746 1248 817 1328 post
914 1263 1007 1326 quem
1030 1243 1171 1309 nonnulli
1194 1264 1214 1308 a
1236 1242 1393 1310 Mercurio
1417 1245 1567 1311 constitu-

25 1389 26 1402 ι
122 1347 327 1433 tergdeirii
341 1349 431 1432 lepus
449 1354 497 1414 cst
512 1349 710 1426 constitutus,
723 1371 816 1432 quem
870 1357 937 1415 tum
952 1350 1100 1415 dixerunt
1118 1351 1209 1432 eique
1228 1351 1336 1416 datum
1355 1372 1422 1417 esse
1440 1358 1567 1435 praeter

25 1450 29 1491 '
122 1456 252 1541 gentiles
283 1477 304 1520 c
330 1455 486 1522 Mercurio
518 1457 602 1520 inter
628 1463 716 1522 astra
741 1478 817 1522 con-
870 1463 975 1522 cetera
1001 1477 1117 1538 genera
1143 1457 1395 1542 quadrupedum,
1423 1465 1460 1523 ut
1486 1459 1565 1522 elios

87 1565 258 1628 lolocatum
282 1563 389 1629 ierunt
419 1568 549 1646 propter
576 1563 705 1628 nimiam
732 1563 817 1628 veio-
870 1569 1005 1648 pareret,
1026 1563 1106 1630 ulios
1129 1563 1261 1629 haberet
1283 1565 1315 1628 in
1340 1569 1456 1630 ventre.
1577 1573 1611 1628 10

122 1671 248 1736 citatem
279 1671 344 1736 sive
371 1669 455 1754 quod
487 1669 571 1735 inter
597 1670 818 1754 quadrupedes

24 1812 28 1862 7
122 1777 204 1842 solus
237 1777 308 1862 plus
339 1777 444 1860 pmiut
476 1783 509 1842 et
536 1776 688 1861 quosdam
715 1776 818 1843 foetus

121 1884 237 1967 pariet,
260 1884 412 1966 quosdam
435 1905 509 1950 vero
532 1884 565 1948 in
589 1888 710 1962 ventre,
737 1884 819 1950 sicut

24 1875 30 2095 i
125 1990 308 2056 Aristoteles
335 1989 539 2075 philosophus
566 1990 612 2055 uit
635 1991 674 2055 de
696 1992 818 2056 animc-

24 2143 29 2183 ι
122 2097 194 2160 lium
217 2099 350 2174 ratione,
373 2098 517 2163 retineat.

25 2240 29 2303 Ι

1186 2309 1235 2376 111,
1254 2313 1296 2366 32.

165 2419 270 2486 Habet
306 2419 433 2502 quidem
474 2419 580 2484 stelles
616 2420 649 2484 in
685 2419 817 2503 singulis
914 2417 1019 2484 Habet
1055 2417 1162 2484 stelles
1198 2419 1230 2484 in
1263 2418 1404 2503 utrisque
1437 2417 1567 2484 auribus

125 2527 249 2591 curibus
277 2526 430 2610 singulos,¹
457 2525 489 2589 in
512 2533 639 2608 pectore
665 2528 758 2602 dues,
785 2527 818 2590 in
871 2525 1023 2608 singulas,
1050 2527 1082 2589 in
1106 2547 1235 2608 corpore
1258 2526 1374 2609 passim
1398 2525 1567 2609 dispositas

89 2635 213 2698 rodomo
241 2634 374 2699 nitidam
397 2654 505 2709 unam,
532 2635 565 2696 in
591 2632 818 2717 posterioribus
873 2631 965 2708 dues,
996 2633 1043 2717 (in
1071 2633 1284 2716 interseepilio
1306 2632 1345 2713 I‚)
1373 2633 1405 2696 in
1433 2631 1612 2716 pedibusto

124 2739 254 2822 pedibus
280 2741 428 2824 singulas.
461 2746 535 2804 runt
560 2762 667 2806 omnes
690 2746 817 2825 septem.
871 2737 1029 2820 prioribus
1043 2739 1190 2823 singulus.
1213 2740 1346 2804 itasunt
1359 2737 1565 2805 omninoVII.

25 3342 29 3374 ι
121 3343 143 3384 ιι
160 3327 185 3382 in
203 3337 314 3399 pectore
334 3361 366 3370 -
385 3347 411 3386 ιι
425 3336 531 3400 septem
546 3347 596 3385 cm.
614 3327 646 3385 G.
663 3329 728 3385 dedi
740 3329 815 3386 esd.
905 3345 932 3384 ro
949 3328 977 3384 in
997 3327 1185 3400 interscepilio
1204 3330 1217 3384 1
1236 3328 1347 3386 addidi.
1384 3347 1410 3386 ιι
1429 3325 1481 3386 vn
1499 3329 1611 3400 scripsi:

869 3419 908 3473 Vl
927 3417 998 3473 teri.
