3908 5802
353 505 397 572 40

484 687 547 750 Ba
575 682 944 758 Asonnon.11114‚'i.
990 677 1154 747 Διόνυσον
1179 681 1213 748 δὲ
1237 673 1373 768 Ἰκάριος
1396 678 1624 768 (υπεδὲξατο),
1651 681 1707 746 καὶ
1730 676 1882 766 λαμβάνει
1943 711 1944 714 “

395 785 474 876 παρ’
493 784 597 857 αὐτοῦ
619 795 727 878 κλῆμα
751 783 909 875 ἀμπέλου.
947 790 1003 853 καὶ
1024 780 1065 853 τὰ
1083 792 1161 874 περὶ
1178 782 1239 876 τὴν
1259 788 1449 855 οἰνοποιίαν
1467 786 1655 874 μανθάνων
1673 790 1729 854 καὶ.
1747 780 1807 864 τὰς
1824 771 1893 852 τοῦΙ

396 902 483 963 θεοῦ
507 893 723 985 δωρήσασθαι
746 892 862 962 θέλων
883 890 1019 981 χάριτας
1043 887 1254 980 ἀνθρώποις,
1282 889 1471 978 ἀφικνεῖται
1493 893 1578 983 πρός
1600 919 1693 972 τινας
1714 890 1881 980 ποιμένας,
1945 903 1946 908 ’

396 1004 430 1069 οἳ
458 1001 654 1089 γευσάμενοι
686 1011 749 1068 τοῦ
780 1009 889 1068 ποτοῦ
919 1003 1020 1088 χωρὶς
1047 993 1169 1080 ὓδατος
1200 1004 1256 1067 καὶ
1285 996 1331 1067 δι’
1353 995 1479 1090 ἡδονὴν
1507 995 1653 1084 ἀφειδῶς
1681 998 1881 1078 ἑλκύσαντες,

369 1107 635 1194 ὑποφαρμάχθαι
657 1112 850 1195 νομίζοντες
873 1101 1074 1204 ἀπέκτεινον
1098 1101 1211 1174 αὐτόν.
1256 1101 1333 1192 μεθ’
1355 1103 1479 1198 ἡμέραν
1504 1111 1539 1175 db
1563 1108 1729 1198 νήψαντες
1751 1107 1882 1196 ἔθαψαν

397 1209 510 1282 αὐτόν.
557 1211 703 1304 Ἠριγόνῃ
733 1218 768 1284 δὲ
795 1225 835 1301 τῇ
859 1217 1002 1302 θυγατρὶ
1025 1208 1086 1282 τὸν
1108 1216 1237 1302 πατέρα
1259 1212 1468 1301 μαστευούσῃ
1492 1211 1585 1282 κύων
1609 1213 1757 1303 συνήθης
1780 1209 1882 1298 ὄνομα

373 1313 522 1410 Μαῖρα,
549 1315 568 1410 ἢ
596 1333 645 1410 τῷ
672 1317 799 1410 Ἰκαρίῳ
829 1325 1020 1403 συνείπετο,
1047 1316 1109 1388 τὸν
1137 1316 1258 1410 νεκρὸν
1288 1320 1440 1410 ἐμήνυσε·
1472 1317 1609 1410 κάκείνη
1636 1322 1883 1408 κατοδυραμένη
1945 1315 1946 1320 ’

396 1421 457 1496 τὸν
479 1431 608 1518 πατέρα
632 1423 753 1519 ἑαυτὴν
776 1423 948 1518 ἀνήρτησε.
1945 1517 1946 1522 ¹

483 1539 549 1604 Bb.
581 1539 703 1603 Hrum.
730 1557 805 1603 ras.
836 1538 907 1602 130.
957 1536 1035 1601 Cum
1062 1536 1157 1602 Liber
1183 1543 1275 1621 pater
1301 1539 1342 1602 ad
1369 1538 1511 1603 homines
1538 1544 1621 1602 esset
1648 1535 1821 1620 profectus,
1851 1543 1884 1598 ut

353 1655 385 1708 10
395 1667 522 1712 suornm
550 1645 709 1710 fructuum
736 1646 923 1709 suavitatem
946 1650 1042 1727 atque
1065 1644 1292 1709 iucunditatem
1316 1647 1509 1721 ostenderet,
1535 1647 1575 1709 ad
1600 1645 1722 1710 Icarum
1747 1642 1789 1732 [et
1811 1643 1884 1706 Eri·

394 1757 524 1836 yonam]
544 1755 577 1816 in
595 1753 767 1835 hospitium
783 1752 914 1817 liberale
933 1751 1071 1826 devenit3
1090 1751 1118 1815 ei
1137 1759 1240 1816 utrem
1258 1753 1384 1835 plenum
1403 1752 1467 1816 vini
1487 1753 1608 1818 muneri
1628 1752 1715 1816 dedit
1734 1751 1884 1832 iussitque

396 1865 432 1923 ut
459 1861 490 1924 in
519 1861 656 1944 reliquas
683 1867 785 1924 terras
811 1865 1011 1942 propagaret.
1057 1858 1164 1924 Icarus
1191 1859 1331 1941 plaustro
1358 1865 1487 1923 onerato
1514 1881 1585 1924 eum
1608 1859 1745 1940 Erigone
1767 1855 1836 1922 filiu
1857 1865 1884 1920 et

396 1987 471 2030 eane
495 1966 604 2031 Maera
630 1967 663 2031 in
690 1973 807 2030 terram
830 1966 969 2030 Atticam
996 1965 1037 2030 ad
1064 1971 1206 2048 pastores
1229 1966 1355 2030 devenit
1378 1972 1411 2029 et
1433 1987 1531 2048 genus
1554 1967 1718 2030 suavitatis
1742 1966 1884 2030 ostendit.

396 2079 536 2156 pastores
560 2095 631 2138 oum
654 2074 890 2138 immoderatius
911 2072 1057 2136 biberent
1079 2072 1159 2138 ebrii
1183 2071 1257 2137 faeti
1281 2072 1497 2148 ooneiderunt;
1525 2075 1578 2156 qui
1602 2072 1794 2136 arbitrantes
1820 2070 1884 2134 loa·

352 2189 386 2242 15
395 2203 465 2244 rum
488 2180 548 2246 sibi
572 2180 688 2245 malurn
706 2181 968 2245 medicamentum
986 2180 1110 2244 dedisse
1128 2178 1263 2244 fustibus
1282 2201 1351 2244 eum
1370 2179 1603 2244 interfecerunt.
1639 2179 1762 2244 Ioarum
1781 2179 1886 2242 autem
1938 2196 1939 2200 ’

396 2289 533 2352 oeoisum
556 2290 650 2364 carris,
673 2288 782 2352 Maera
805 2288 939 2362 nomine,
961 2287 1087 2352 ululans
1110 2287 1266 2368 Erigonae
1290 2288 1356 2351 eius
1381 2285 1463 2351 liliao
1486 2287 1673 2351 monstravit
1694 2285 1772 2369 [nbi
1792 2289 1886 2364 pater

394 2396 572 2476 insepultus
589 2394 736 2478 νεοττοί]
773 2416 834 2477 quo
858 2415 927 2460 cunr
945 2395 1091 2472 venisset,
1114 2417 1207 2478 super
1229 2415 1341 2476 eorpus
1364 2393 1504 2476 parentis
1527 2389 1559 2458 iri
1583 2393 1695 2458 arbore
1718 2393 1885 2474 suspendio

395 2525 428 2567 se
455 2503 586 2569 necavit.
632 2501 673 2566 ob
700 2502 785 2585 quod
807 2499 924 2565 fautum
948 2500 1043 2565 Liber
1064 2507 1157 2584 pater
1179 2502 1280 2565 iratus
1303 2500 1541 2564 Atheniensium
1566 2499 1645 2565 filias
1669 2497 1763 2564 simili
1787 2519 1886 2582 poena

395 2608 526 2674 adflixit.
564 2611 604 2675 de
627 2631 664 2674 ea
687 2631 721 2674 re
744 2609 784 2672 ab
808 2607 954 2691 Apolline
977 2629 1158 2691 responsum
1181 2609 1354 2691 petierunt3
1377 2607 1490 2690 quibus
1513 2628 1695 2692 responsum
1719 2613 1779 2684 est,
1803 2607 1886 2688 quod

351 2716 477 2782 sulcari
505 2724 537 2782 ot
565 2717 717 2799 Erigones
743 2721 876 2779 mortem
905 2715 1126 2798 neglexissent,
1153 2737 1216 2802 quo
1239 2735 1388 2797 responso
1410 2715 1472 2799 [de
1489 2715 1675 2794 pastoribus
1698 2713 1887 2793 suppliciam

395 2829 595 2903 sumpserant
608 2827 636 2886 et
637 2824 660 2908 J
678 2823 835 2904 Erigonae
853 2823 936 2887 diem
951 2821 1065 2887 festum
1081 2823 1284 2886 oscillationis
1301 2821 1324 2906 [
1323 2821 1520 2902 pestilentiae
1533 2841 1631 2886 cansa
1632 2821 1655 2906 ]
1674 2823 1888 2894 instituerunt,

395 2937 427 2994 et
449 2937 496 2994 -ut
513 2951 583 3014 per
610 2930 800 2994 vindemiam
832 2930 871 2994 de
904 2929 1047 3012 frugibus
1075 2929 1164 2994 Iearo
1192 2937 1223 2992 et
1251 2928 1407 3012 Erigonae
1435 2930 1569 3011 primum
1597 2928 1782 2992 deliberent.
1839 2927 1887 3010 qni

395 3039 525 3102 deorum
553 3036 714 3102 voluntate
741 3037 773 3101 in
792 3043 959 3124 ,astrorum
986 3057 1150 3100 numerum
1178 3044 1249 3099 sunt
1276 3036 1381 3128 delati.
1429 3035 1566 3118 Erigone
1593 3037 1715 3118 signum
1741 3035 1888 3116 Virginis.

396 3165 488 3227 quarn
517 3165 573 3208 nos
599 3145 757 3209 Iustitiam
784 3145 990 3227 adpellamns,
1018 3143 1125 3208 learns
1153 3143 1306 3207 Arcturus
1333 3145 1365 3206 in
1394 3143 1549 3206 sideribus
1577 3151 1626 3206 est
1653 3143 1769 3217 dietus,
1800 3141 1889 3206 oanis
1945 3163 1946 3170 ¹

351 3257 501 3315 stantem
526 3250 633 3316 Maera
656 3251 813 3316 Canicula

485 3357 517 3424 C.
541 3357 698 3422 lemvs
722 3359 746 3422 F
749 3378 878 3422 mvnvs
923 3379 950 3420 a
975 3355 1091 3422 Sciron.
1117 3357 1224 3422 Graan.
1248 3358 1309 3422 BP.
1333 3380 1362 3440 p.
1387 3358 1439 3432 66,
1463 3357 1492 3420 6.
1530 3354 1688 3438 Erigonen
1712 3354 1884 3419 Athenien·

396 3487 461 3530 sem
483 3464 566 3529 Icari
594 3463 690 3529 filiam
717 3464 820 3529 fuisse.
867 3466 950 3548 quod
978 3486 1047 3528 enm
1072 3463 1166 3528 Liber
1195 3467 1354 3529 inventum
1381 3485 1470 3528 suurn
1492 3462 1599 3527 vinum
1627 3464 1782 3526 suavitate
1806 3464 1886 3526 inter
1939 3479 1941 3489 ¹

396 3572 544 3637 mortales
572 3571 769 3648 inlustraret,
795 3572 913 3636 veritus
941 3593 992 3647 ne,
1020 3593 1089 3636 eum
1117 3571 1237 3636 civibus
1260 3573 1324 3636 suis
1347 3571 1513 3634 obtulisset
1536 3571 1657 3652 saporis
1681 3569 1885 3639 nobilitatem.

372 3737 390 3743 ..
405 3737 565 3744 ——--———-

439 3857 451 3893 ι
468 3841 555 3909 χωρὶς
574 3827 674 3902 ἶν’δατος
693 3841 740 3894 καὶ
764 3829 1004 3892 llsilamomtains:
1023 3838 1071 3890 καὶ
1088 3839 1175 3907 χωρὶς
1193 3824 1294 3900 {foetor
1312 3837 1382 3892 tint.
1459 3853 1472 3893 5
1495 3831 1636 3906 νήψαντες
1660 3833 1886 3890 Videbanaerias:
1936 3845 1943 3955 η

351 3923 505 3996 νοήσαντες
524 3929 592 3982 iibri.
665 3945 676 3983 ι
697 3925 911 3997 κατοδυραμένη
930 3927 1098 3980 Herohrrns:
1118 3923 1331 3996 κατοδυραμένη
1354 3927 1422 3980 bbn'.

441 4036 466 4073 ro
485 4019 592 4071 Icarum
615 4021 640 4069 et
662 4017 706 4068 hic
725 4021 748 4068 et
764 4022 919 4083 pertulum
940 4016 1067 4081 fabulam
1085 4017 1195 4084 scripsi:
1217 4016 1335 4070 Icarium
1354 4015 1502 4085 Micyllus·
1523 4017 1614 4083 ipsam
1632 4019 1724 4067 antoni
1742 4013 1884 4084 Hyginum

351 4108 489 4175 scripsisse
507 4107 623 4160 Ιτανιιοι
642 4111 726 4173 puto,
750 4120 812 4157 crim
834 4107 874 4158 ita
893 4104 1002 4174 Hygini
1020 4105 1193 4173 Astrolopiae
1215 4104 1279 4158 libri
1296 4105 1440 4158 rehabeant
1459 4119 1551 4157 omnes
1569 4107 1594 4155 et
1612 4103 1728 4156 eandem
1747 4104 1885 4157 lectionem

350 4197 382 4248 in
395 4195 464 4249 libro
479 4193 649 4262 Strozriana
669 4193 702 4246 dr
716 4209 770 4258 ιμιο
785 4193 818 4258 es.
834 4193 1006 4262 Epimetrnm
1021 4194 1046 4262 I,
1061 4195 1249 4262 inreniarnns;
1268 4210 1325 4260 qna
1338 4211 1368 4247 re
1382 4195 1423 4247 rel
1435 4195 1466 4246 in
1481 4191 1657 4261 Frisinqensi
1668 4191 1740 4245 idern
1754 4195 1883 4260 seriptum

349 4285 444 4350 faisse,
463 4283 511 4336 sed
530 4301 548 4335 a
568 4281 690 4352 Micyllo,
709 4282 816 4335 lauinine
832 4283 973 4348 fabularis
990 4283 1121 4336 historiae
1139 4299 1196 4337 non
1215 4283 1323 4352 ignaro,
1341 4284 1516 4336 imnrntatnnr
1535 4296 1591 4334 esse
1608 4283 1740 4348 srrepioor.
1814 4301 1840 4337 ιο
1859 4287 1884 4336 et

350 4372 510 4440 Erigonam,
531 4387 553 4426 11
575 4370 627 4434 eis,
647 4387 673 4424 ra
692 4377 875 4438 propagarent
894 4371 966 4424 Mic.
987 4387 1020 4424 en
1039 4371 1220 4442 Frisinpensr'.
1241 4403 1274 4410 —
1293 4371 1435 4441 Erigonum
1453 4371 1615 4424 mentionem
1633 4371 1683 4423 doc
1702 4371 1884 4437 tricennarii,

351 4479 375 4516 ιι
396 4461 434 4527 ei,
461 4479 486 4515 rr
505 4466 671 4529 propagaret
690 4459 883 4528 Strorrianua·
905 4459 986 4514 ealda
1003 4477 1097 4514 vereor
1114 4478 1149 4514 ne
1163 4467 1268 4528 portes,
1288 4477 1360 4527 ηιιαε
1376 4461 1408 4513 in
1423 4461 1518 4528 priore
1534 4459 1649 4525 fabulae
1664 4466 1746 4527 parte
1764 4461 1885 4529 Ενὶμοιιι

350 4549 441 4617 babet,
466 4549 492 4601 ei
510 4551 544 4603 ab
561 4549 757 4615 int‘erpolalore
774 4549 838 4602 labri
855 4545 1055 4618 Frisinpensis,
1080 4551 1113 4604 de
1132 4567 1186 4617 qao
1205 4567 1229 4603 υ.
1248 4549 1339 4618 Epiri.
1359 4550 1380 4601 I
1381 4592 1389 4618 ,
1409 4551 1527 4602 tributae
1545 4549 1613 4620 sint,
1637 4566 1729 4602 reram
1748 4551 1883 4604 lectionem

350 4639 499 4691 servarerit
521 4639 714 4704 διαστήσασα
740 4639 835 4704 itaque
857 4641 939 4692 etiarn
962 4656 996 4693 rs.
1019 4657 1044 4695 m
1064 4645 1116 4693 ant
1134 4656 1188 4708 pro
1212 4637 1330 4708 Erigone
1354 4639 1412 4693 lilia
1431 4645 1459 4693 et
1478 4655 1546 4694 cane
1570 4638 1724 4706 scripserim
1748 4638 1883 4706 Erigonae

351 4727 425 4780 filiae
454 4741 535 4791 carre,
564 4733 614 4779 ant
641 4728 723 4780 narba
750 4743 810 4780 cum
838 4727 957 4797 Erigone
980 4757 1015 4767 -
1044 4730 1151 4794 Maera,
1181 4744 1254 4796 arrae
1281 4728 1380 4784 desunt
1407 4729 1438 4782 in
1465 4705 1639 4798 Stroiziano,
1669 4727 1757 4780 delere
1783 4727 1883 4780 aialim.

351 4833 376 4871 rs
396 4815 492 4869 Maera
511 4816 618 4870 nomine
638 4816 746 4870 ululans
765 4815 952 4871 Strorzianns.
990 4817 1098 4872 ululans
1116 4819 1213 4873 Maera
1234 4819 1297 4872 Μία.
1317 4834 1352 4872 ιω
1370 4817 1553 4888 Frisinpensi.
1696 4834 1722 4873 rs
1740 4817 1787 4871 ubi
1805 4823 1884 4885 pater

350 4905 504 4973 insepultus
527 4904 632 4959 iaceret
654 4905 753 4960 seclusi
775 4905 856 4959 rerba
880 4912 973 4974 aperte
995 4907 1178 4978 interpolata,
1208 4909 1310 4975 qnippe
1332 4922 1406 4972 qnae
1428 4912 1453 4961 rt
1475 4907 1607 4961 samonis
1630 4905 1754 4960 ordinem
1777 4907 1884 4960 turbent

350 5001 376 5048 et
402 4993 631 5049 Ibatostbenioar
657 4995 871 5064 conformationi
896 4995 1010 5062 fabulae
1036 5003 1204 5067 repugnem,-
1235 4998 1312 5051 norit
1339 5001 1431 5050 tanen
1457 4997 1698 5066 interpolatrbnam
1724 4996 1765 5052 nel
1792 4995 1882 5050 Stroe-

349 5083 457 5140 νέομαι.
529 5101 555 5139 ro
574 5085 607 5139 de
632 5085 787 5153 pastoribus
811 5085 975 5156 supplicium
999 5093 1185 5157 sumpserunt,
1214 5103 1239 5144 m
1263 5085 1442 5158 pestilentiae
1466 5102 1548 5142 causa
1571 5085 1764 5156 interpolatori
1786 5085 1881 5140 tribaca
