3906 5800
203 453 301 506 Senon.
323 451 415 506 Goon.
436 451 468 506 G.
487 468 514 520 p.
535 450 593 516 148,
615 451 655 506 17.
1096 451 1227 504 Hrornos
1246 451 1295 514 III,
1316 452 1357 506 11.
1529 449 1591 516 133

145 630 251 696 Habet
278 635 385 696 outoni
412 629 520 696 stollas
548 629 581 694 in
608 630 740 714 singulis
761 655 798 697 n·
896 629 1002 696 Habet
1042 633 1148 695 autom
1189 628 1222 693 in
1263 634 1398 712 utroque
1437 650 1546 694 umero

107 739 194 804 meris
213 737 363 823 singulas,
382 738 415 802 in
428 757 525 802 manu
539 738 651 802 dextra
664 739 797 804 nitidam
851 737 974 804 stollam
1003 737 1031 815 I,
1063 737 1095 801 in
1127 757 1223 802 monn
1249 735 1361 800 dextra
1388 735 1471 801 olore
1499 736 1547 801 lu·

107 867 209 924 onam,
233 846 265 910 in
290 867 386 910 mnnu
408 844 537 910 sinistra
558 865 666 923 unam,
689 845 721 910 in
745 867 798 911 on·
852 850 973 910 contem
1001 845 1015 910 I
1048 865 1112 928 qun
1143 841 1256 910 falcem
1287 848 1395 908 tenero
1422 843 1547 920 dioitur,

8 937 12 1007 i
106 955 168 1019 bito
191 951 321 1018 sinistro
343 973 447 1029 onom,
469 952 503 1016 in
522 951 677 1036 Gorgonis
696 953 798 1037 capite
851 951 997 1036 quo'tolo
1013 951 1161 1036 Gorgona
1179 949 1352 1025 interfooiI3
1370 949 1403 1013 in
1418 951 1548 1016 sinisiro

9 1040 13 1115 i
84 1072 206 1136 onnam,
225 1058 258 1122 in
276 1065 385 1124 ventre
402 1081 507 1137 unam,
525 1059 559 1124 in
577 1059 690 1124 dextra
707 1066 798 1143 parto
851 1059 995 1135 alteram,
1028 1081 1089 1144 quo
1123 1063 1218 1143 eaput
1250 1057 1406 1140 Gorgonis
1438 1063 1546 1124 tonoro
1573 1067 1591 1122 5

10 1196 16 1301 Ι
105 1167 280 1232 lumborum
312 1166 446 1231 nitidam
478 1187 586 1244 unam,
621 1167 655 1231 in
687 1166 798 1232 dextro
852 1153 1057 1232 existimatur.
1102 1165 1200 1230 hobot
1217 1169 1381 1250 praetores
1404 1165 1451 1250 (in
1470 1165 1546 1230 sini-

11 1308 15 1319 ·
105 1275 220 1339 somoro
243 1273 378 1338 nitidam
401 1293 507 1349 unam,
535 1273 569 1336 in
585 1265 673 1357 'genu
694 1287 798 1350 onom,
851 1279 917 1339 stro
939 1271 1047 1338 cubito
1070 1272 1109 1358 I‚)
1132 1272 1165 1336 in
1188 1278 1296 1337 ventre
1319 1271 1443 1336 stollam
1465 1271 1490 1349 I,
1514 1272 1546 1336 in

11 1446 12 1456 ,
104 1383 133 1446 in
152 1381 281 1447 sinistro
298 1379 380 1444 tibia
404 1380 491 1457 duas,
514 1381 562 1465 (in
579 1381 660 1464 pedo
679 1383 797 1466 unam,)
851 1379 965 1446 lumbis
997 1381 1141 1454 alteram,
1173 1381 1205 1442 in
1238 1379 1349 1444 dextro
1377 1378 1495 1443 femore
1521 1378 1547 1455 I,

105 1488 134 1552 in
167 1487 324 1572 Gorgonis
355 1487 495 1552 crinibus
527 1493 605 1564 Iros,
641 1488 673 1552 in
706 1487 797 1573 (dex-
850 1487 884 1552 in
910 1507 991 1570 genn
1015 1487 1043 1562 l,
1070 1487 1103 1551 in
1132 1486 1212 1550 tibia
1234 1485 1263 1561 I,
1290 1487 1323 1550 in
1346 1486 1425 1568 podo
1449 1485 1464 1549 I
1488 1485 1545 1548 ob-

11 1647 12 1654 ,
72 1606 98 1658 10
106 1595 186 1680 tora)
218 1595 299 1660 tibio
325 1615 433 1672 unam,
464 1594 497 1658 in
525 1594 652 1660 sinistro
679 1594 798 1660 fomoro
851 1615 982 1670 scuram,
1000 1595 1034 1658 in
1052 1594 1180 1659 sinistro
1200 1591 1314 1658 femine
1329 1591 1353 1669 1,
1372 1593 1449 1657 etin
1463 1601 1590 1674 gonnlo

105 1724 211 1779 unnm,
242 1703 275 1765 in
307 1703 434 1767 sinistro
462 1722 544 1784 genu
571 1723 674 1766 unam.
723 1709 797 1767 sunt
850 1700 992 1776 alteram,
1015 1700 1048 1764 in
1070 1699 1152 1764 tibio
1170 1698 1212 1776 II,
1235 1699 1268 1764 in
1291 1690 1420 1764 sinistro
1441 1720 1545 1775 manu,

11 1831 12 1846 ¹
106 1809 136 1874 in
167 1829 289 1874 summa
319 1808 451 1872 XVIIII.
502 1814 597 1892 caput
627 1813 733 1874 autom
765 1814 798 1873 et
850 1807 935 1890 quod
964 1807 1119 1891 Gorgonis
1147 1810 1241 1890 oopnt
1267 1811 1409 1882 vocatur,
1441 1805 1547 1872 stollas

106 1915 168 1980 fon
189 1915 309 1998 absque
331 1917 427 1981 astris
450 1922 531 1982 sunt.
849 1912 929 1984 IIII:
970 1914 1098 1978 omnino
1135 1919 1183 1979 est
1221 1911 1382 1979 stellarum
1414 1909 1546 1976 XVIIII.

11 1986 17 2129 Ι
850 2025 945 2104 eaput
972 2022 1039 2086 eius
1067 2026 1099 2086 ot
1126 2020 1191 2086 falx
1218 2021 1286 2086 sino
1308 2017 1465 2084 sideribus
1488 2019 1545 2084 nd-

473 2137 478 2149 ”
849 2133 970 2212 parens
1556 2133 1590 2188 15

103 2857 147 2912 siu
160 2875 240 2912 monn
255 2857 367 2912 siuistro
381 2873 463 2912 unam
478 2873 529 2911 om.
548 2856 580 2910 G.
608 2856 709 2910 habent
723 2855 796 2910 Sao·
887 2875 906 2913 s.
930 2873 941 2911 r
961 2856 988 2908 in
1007 2854 1119 2910 sinIstro
1139 2853 1230 2909 cubito
1246 2855 1259 2906 I
1274 2852 1381 2908 addidi.
1441 2869 1465 2908 rs
1485 2852 1592 2909 XVIIII
1665 2923 1668 2930 Ι

74 2946 198 3013 odhones.
261 2946 404 3001 ssInIstro
421 2945 533 3013 sompni:
551 2946 648 3000 dextro
669 2944 701 2998 G.
731 2945 797 2998 olte-
857 2945 885 3000 V.
924 2944 1005 2998 XIIII
1023 2942 1057 2997 R.

76 3035 124 3088 rios
137 3035 324 3105 Sangallensio
343 3041 479 3105 correptor
498 3033 610 3088 addidit
625 3039 688 3102 post
703 3049 797 3087 onom:

78 3121 203 3179 incubito
227 3125 339 3179 sioistro
362 3139 457 3188 onom,
481 3139 553 3190 quoe
575 3126 670 3193 finon
689 3121 799 3176 debebat

77 3211 212 3268 intertum
228 3214 355 3281 remorre.
428 3212 483 3268 oio
502 3211 573 3280 pede
591 3227 673 3265 unam
692 3217 717 3265 et
735 3227 799 3265 mon

77 3301 205 3358 rdoxtero
223 3302 331 3357 addidi,
