3908 5802
253 520 276 548 a
364 453 385 518 2

363 639 431 697 5551
452 627 606 716 μέγιστον
630 621 663 696 δ’
682 629 750 696 ἐστὶ
774 642 922 716 σημεῑοιν
947 629 1106 696 ἐπίκειται
1129 622 1191 716 γὰρ
1215 622 1306 716 αὐτῷ
1320 621 1516 715 Ἡρακλέους
1535 627 1675 694 sidonien
1693 631 1762 694 κτλ.
1800 627 1909 711 atqui

362 739 494 823 adparet
516 760 628 822 graeca
650 739 745 804 verba
766 738 812 803 ita
834 743 888 804 aut
911 759 1056 823 perverse
1078 737 1219 824 intellegi
1241 743 1297 804 ant
1318 738 1476 822 eorrumpi
1503 736 1594 803 facile
1621 736 1768 821 potuisse,
1792 735 1910 802 latina

364 845 573 911 nullomodo.

451 952 588 1018 Exhibet
615 957 719 1018 autem
742 951 884 1036 Hyginus
910 973 949 1018 ea
975 973 1054 1036 quac
1081 951 1176 1018 hodio
1204 954 1235 1017 in
1258 951 1487 1018 Catesterismis
1515 952 1662 1035 legrmtur
1688 951 1753 1016 lore
1775 952 1909 1026 omnia,

363 1098 404 1107 —
427 1080 500 1124 nam
522 1066 647 1143 praeter
670 1080 770 1143 pauca
792 1059 921 1124 minoris
943 1058 1079 1124 ambitus
1102 1059 1266 1124 enuntiata
1287 1081 1381 1124 unam
1401 1064 1524 1124 tantum
1543 1058 1661 1122 omittit
1684 1058 1908 1132 historiolam,

363 1187 443 1248 qnae
479 1165 519 1231 de
551 1167 667 1230 Orione
699 1165 731 1228 in
763 1165 993 1231 Catasterismis
1030 1166 1080 1230 bis
1116 1166 1225 1230 eadem
1265 1166 1406 1250 quamvis
1443 1164 1574 1232 diversis
1610 1163 1712 1229 verbis
1744 1169 1908 1228 narratur

363 1272 437 1356 (1111
456 1295 485 1355 p.
505 1273 579 1351 243,
598 1273 735 1339 16-21.
773 1272 893 1337 XXXII
911 1295 940 1357 p.
959 1273 1033 1350 261,
1055 1273 1180 1337 13-17
1202 1272 1378 1356 Westorm.)
1401 1311 1439 1320 -
1459 1272 1569 1338 ordine
1588 1277 1692 1338 tamon
1710 1272 1756 1336 115
1774 1270 1906 1346 differt,

362 1384 407 1455 ut,
428 1400 499 1444 cum
518 1379 811 1444 Catasterisnrorum
829 1387 938 1446 auctor
956 1380 1089 1445 Aratum
1107 1385 1252 1446 accurato
1275 1386 1432 1463 sequatur,
1454 1380 1506 1446 hic
1523 1378 1609 1444 orbis
1627 1377 1767 1463 signiferi
1785 1379 1905 1442 sidera

362 1506 448 1550 more
469 1485 608 1550 Romano
630 1484 797 1551 55551515
821 1507 948 1552 exorsus
971 1487 1003 1551 in
1027 1487 1128 1551 medio
1153 1485 1232 1550 libro
1256 1487 1445 1552 coniunctim
1468 1491 1626 1551 enumeret
1648 1493 1743 1569 atquo
1766 1492 1903 1570 septon-

363 1593 528 1657 trionalem
551 1592 658 1658 orbem
679 1593 872 1668 antecedere,
899 1593 1135 1658 meridionalem
1162 1594 1250 1677 sequi
1277 1593 1419 1658 volucrit.
1464 1592 1601 1676 singulas
1624 1614 1696 1656 vero
1719 1591 1901 1676 Hyginiani

363 1698 465 1781 operis
491 1704 598 1782 partes
624 1720 705 1782 quao
732 1721 802 1764 cum
829 1699 935 1764 libello
959 1721 1070 1782 graeco
1094 1699 1290 1764 consentiant
1313 1699 1429 1765 diserte
1452 1700 1503 1766 hic
1526 1720 1708 1765 enumcrare
1731 1720 1767 1764 eo
1790 1699 1900 1782 magis

362 1807 563 1888 supersedere
591 1813 728 1888 possum,
755 1808 838 1888 quod
866 1827 918 1871 eas
945 1806 1619 1889 151556515515515555555555555115
1646 1806 1813 1889 dispositas
1844 1806 1901 1870 in-

361 1912 479 1990 venies,
507 1919 644 1995 atquae
667 1913 766 1978 latina
788 1912 901 1996 quibus
924 1913 1043 1996 graecis
1068 1913 1170 1982 verbis
1192 1913 1419 1997 respondeant.
1430 1919 1540 1998 sponte
1563 1913 1779 1978 intellecturus
1802 1912 1857 1977 515.
1871 1915 1899 1994 ¹)

362 2039 442 2101 qnae
464 2020 491 2084 si
514 2015 739 2084 examinaveris
762 2019 918 2103 Hyginum
941 2019 1090 2103 pleraque
1112 2019 1266 2103 ampliora
1288 2020 1451 2104 praebere,
1479 2041 1551 2086 raro
1573 2021 1727 2103 quaedam
1749 2026 1899 2104 praetcr-

361 2125 497 2202 mittere,
519 2126 552 2190 in
574 2125 752 2190 universnm
775 2131 880 2192 autem
898 2127 947 2190 vel
970 2127 1001 2189 in
1026 2125 1155 2207 singulis
1178 2126 1281 2191 vorbis
1304 2149 1374 2192 cum
1392 2125 1623 2192 Catasterismis
1647 2127 1693 2192 ita
1714 2127 1898 2194 consentire

361 2233 544 2316 perspicies,
571 2239 606 2298 ut
633 2254 704 2297 eum
727 2233 836 2298 codem
859 2232 926 2298 iere
939 2230 1056 2308 uerba,
1083 2253 1163 2316 qnae
1186 2233 1279 2298 hodie
1307 2235 1338 2298 in
1363 2232 1593 2300 Catasterismis
1615 2240 1752 2310 exstant,
1779 2233 1898 2316 legisse

362 2359 485 2404 necessa
507 2339 557 2404 sit.
599 2339 662 2404 iam
685 2361 755 2404 oum
778 2341 810 2402 in
833 2339 896 2416 his,
919 2360 1000 2422 quae
1022 2339 1146 2423 Hygino
1169 2361 1240 2406 cum
1262 2341 1369 2406 libello
1392 2361 1504 2424 graeco
1527 2342 1702 2406 communia
1724 2347 1805 2416 suut,
1829 2363 1896 2406 non

362 2445 463 2511 minus
490 2446 726 2530 quatordeciens
754 2445 977 2512 Eratosthenes
1005 2448 1182 2512 nominetur
1209 2447 1268 2532 (ll,
1296 2447 1316 2512 3
1343 2471 1373 2531 p.
1396 2448 1452 2525 34,
1480 2449 1499 2512 3
1522 2449 1632 2514 Bante.
1678 2449 1698 2512 6
1721 2471 1750 2532 p.
1775 2447 1833 2523 41,
1862 2447 1895 2512 5.

363 2553 435 2636 ip.
459 2553 515 2630 42,
538 2553 590 2618 24.
613 2575 642 2637 p.
664 2553 722 2630 43,
745 2554 774 2618 8.
822 2554 861 2618 14
883 2576 912 2636 p.
936 2552 992 2630 51,
1016 2555 1066 2618 20.
1115 2553 1154 2618 15
1177 2575 1206 2638 p.
1230 2553 1282 2629 55,
1305 2555 1334 2618 5.
1384 2556 1420 2618 17
1444 2577 1473 2638 p.
1497 2555 1548 2631 56,
1574 2555 1622 2619 16.
1669 2555 1711 2620 20
1733 2577 1763 2638 p.
1786 2555 1838 2630 60,
1862 2555 1895 2617 4.

362 2659 404 2724 23
422 2682 452 2742 p.
471 2659 522 2737 66,
541 2659 570 2723 6.
607 2660 649 2724 23
667 2682 696 2743 p.
716 2660 768 2736 69,
786 2660 837 2724 20.
874 2659 917 2724 30
935 2682 964 2742 p.
985 2659 1035 2735 71,
1059 2662 1084 2724 1.
1117 2659 1160 2724 42
1178 2683 1208 2744 p.
1228 2659 1279 2738 79,
1298 2661 1326 2724 7.
1358 2660 1632 2745 1111118114.
1665 2663 1732 2744 dp.
1753 2661 1804 2736 83,
1822 2661 1894 2745 22),

361 2787 490 2849 prorsus
516 2766 692 2832 necessario
719 2765 915 2832 concluditur
942 2765 1058 2832 librum
1080 2765 1120 2830 ab
1144 2767 1269 2851 Hygino
1291 2769 1491 2851 compilatum
1514 2789 1576 2833 non
1600 2769 1699 2834 secius
1721 2789 1816 2850 quam
1838 2789 1894 2833 eos

361 2872 416 2954 qui
443 2877 579 2940 5515155
606 2873 746 2938 tulerunt
774 2870 1012 2939 Calasterismos
1039 2893 1152 2938 nomen
1183 2895 1259 2956 prae
1287 2896 1320 2940 se
1351 2875 1460 2940 tulisse
1492 2874 1754 2959 Eratosthenis.²)
1813 2875 1894 2940 haec

361 2979 429 3046 sola
449 2979 639 3061 relinquitur
661 2978 831 3056 dubitatio,
853 2985 959 3046 utrum
981 2979 1031 3046 his
1053 2979 1129 3063 ipsis
1152 3001 1229 3064 quos
1251 3002 1308 3046 555
1332 2987 1473 3046 tenemus
1497 2981 1727 3048 Catasterismis
1749 2980 1891 3064 Hyginus

454 3156 471 3220 ¹)
489 3156 544 3210 Res
563 3153 646 3210 dubia
669 3161 711 3209 est
733 3155 761 3209 in
781 3155 871 3225 priore
896 3172 966 3225 quae
985 3157 1035 3212 555
1054 3155 1124 3212 Ursa
1142 3157 1246 3212 minore
1265 3159 1291 3212 11
1314 3175 1332 3212 a
1350 3157 1603 3214 Catasterismorom
1628 3165 1739 3212 anctore
1763 3165 1890 3212 55555155

361 3243 467 3309 schulsa
489 3244 606 3313 adparet
624 3245 795 3298 decurtatam
815 3261 876 3300 esse
894 3244 1078 3300 narrationem
1098 3233 1636 3316 551555515555555515155555515,
1656 3263 1705 3301 neo
1726 3245 1813 3300 minos
1833 3265 1892 3301 cor·

360 3337 442 3401 rupta
469 3331 569 3400 legisse
596 3332 772 3388 scholiastam
797 3334 953 3389 Germanici
981 3341 1029 3389 551
1051 3335 1132 3390 Arati
1160 3351 1239 3404 quem
1264 3341 1362 3390 vocant
1390 3335 1569 3405 interpretem
1593 3335 1716 3390 latinum.
1754 3351 1768 3389 5
1792 3336 1893 3404 quibus

362 3427 453 3476 15555
482 3420 634 3475 certissima
661 3421 767 3476 ratione
790 3422 819 3476 in
843 3422 1045 3478 Catasteriamis
1068 3439 1117 3492 pro
1143 3412 1262 3494 ὕστερον
1287 3423 1316 3478 di
1340 3422 1508 3493 5555155155
1530 3425 1683 3480 restituisse
1707 3424 1773 3480 mihi
1798 3424 1894 3480 videor

361 3497 482 3580 ὕστερον
501 3508 530 3563 δὲ
550 3505 722 3579 syncopem,
743 3527 803 3565 cum
823 3510 871 3566 1115
886 3517 984 3582 postca
1003 3515 1209 3581 caussatione,
1229 3513 1274 3567 515
1290 3519 1388 3583 postea
1407 3515 1545 3584 cognitam
1563 3521 1611 3570 551
1629 3513 1718 3570 515115
1734 3513 1800 3583 qnid
1817 3521 1892 3579 (narn

362 3597 446 3654 rerba
464 3603 593 3667 corrupta
611 3598 703 3654 sanari
721 3615 800 3668 posse
820 3599 924 3666 diffido)
943 3600 1064 3655 verterit.
1093 3603 1187 3656 horum
1207 3617 1273 3656 5555
1292 3601 1361 3656 51511
1380 3603 1430 3656 555
1452 3603 1520 3658 Ursa
1538 3603 1641 3658 minore
1655 3603 1778 3674 Hyginus
1797 3604 1892 3669 55551,

361 3687 409 3742 sed
433 3703 513 3756 quam
537 3687 586 3742 ille
609 3689 659 3742 555
683 3689 754 3744 Ursa
776 3689 879 3744 maiore
907 3691 941 3745 de
965 3689 1079 3746 Callisto
1103 3690 1334 3745 narratiunculam
1359 3693 1476 3746 secundo
1500 3693 1559 3747 loco
1582 3691 1672 3747 adfert
1699 3693 1747 3758 (ll,
1768 3695 1782 3746 1
1802 3710 1827 3760 p.
1846 3693 1891 3756 31,

361 3777 431 3830 3-6
449 3777 562 3842 Β5515),
586 3791 647 3831 eam
669 3777 762 3832 facero
786 3795 979 3848 5555555551,
1003 3779 1068 3847 quin
1087 3778 1232 3848 genuinam
1252 3785 1335 3848 atque
1354 3779 1487 3849 integram
1508 3781 1628 3836 eiusdem
1648 3781 1758 3836 1555155
1777 3779 1890 3834 formam

362 3879 423 3919 esse
445 3863 569 3933 suspicer
597 3882 678 3935 quam
701 3868 872 3923 decurtatam
896 3873 924 3922 et
947 3873 1102 3936 cormptam
1126 3868 1154 3921 in
1179 3867 1381 3923 Catasterismis
1409 3869 1536 3938 legimus,
1562 3886 1622 3924 cum
1646 3877 1674 3924 et
1697 3869 1798 3940 Hygini
1821 3869 1891 3924 illud

357 3958 456 4022 postca
479 3953 617 4022 55951155
640 3954 678 4021 51,
703 3955 773 4024 qnod
795 3972 895 4025 graeco
918 3957 1023 4012 auctori
1046 3955 1168 4023 restitui,
1192 3945 1312 4027 ὕστερον
1335 3957 1365 4012 dl
1389 3954 1553 4028 synnandon
1576 3959 1741 4027 respondere
1764 3959 1891 4014 videatur

361 4047 389 4095 et
407 4041 480 4110 apud
499 4048 642 4112 utrumque
662 4043 759 4110 Diana,
779 4061 840 4112 non,
859 4051 890 4099 ut
908 4045 989 4114 vulgo
1007 4044 1149 4101 ferebatur
1167 4053 1196 4100 51
1214 4045 1241 4100 15
1260 4045 1356 4102 155515
1374 4045 1548 4102 antecedenti
1567 4048 1602 4102 ab
1621 4053 1736 4117 utroque
1755 4055 1889 4112 55555155,

361 4129 478 4199 Iupiter,
507 4131 620 4186 Callisto
643 4131 717 4187 inter
738 4132 830 4187 sidera
853 4134 1009 4189 5551555555
1032 4135 1164 4189 tradatur.
1208 4135 1279 4203 quod
1303 4133 1326 4188 si
1349 4143 1425 4189 recto
1449 4135 1602 4204 suspicatus
1626 4152 1698 4202 sum,
1722 4137 1750 4190 in
1773 4153 1888 4205 graecae

361 4219 526 4274 narrationis
549 4219 627 4275 initio
652 4220 707 4275 iam
730 4221 798 4276 satis
821 4221 934 4291 antiquo
958 4230 1092 4292 tempore,
1117 4223 1192 4293 prins
1216 4227 1291 4278 certe
1315 4240 1396 4293 quam
1421 4223 1531 4277 libellus
1550 4224 1586 4278 ad
1605 4224 1761 4278 Germanici
1781 4241 1886 4280 carmon

360 4307 554 4375 explicandum
578 4309 606 4364 in
630 4309 745 4365 1511555
768 4311 918 4366 translatus
941 4317 995 4377 551,
1019 4312 1130 4367 1555515
1149 4329 1248 4368 55555
1267 4311 1402 4367 excidisse
1421 4315 1595 4370 statuendum
1615 4321 1644 4368 51
1661 4330 1710 4382 pro
1730 4317 1834 4384 γνοῦσα
1853 4333 1886 4370 ex

361 4397 462 4465 Hygini
487 4397 576 4453 verbis
599 4398 737 4453 15555515
759 4399 936 4470 indignatam
955 4396 1156 4471 ἀγανακτοῦσα
1175 4401 1348 4457 scribendum
1368 4409 1419 4468 est,
1439 4418 1456 4456 a
1474 4418 1527 4471 quo
1546 4397 1698 4472 ἀγνοοῦσα,
1719 4404 1790 4472 qnod
1809 4405 1885 4458 Arati

361 4484 539 4555 interpretem
559 4487 658 4558 legisse
677 4489 802 4558 adparet,
822 4488 933 4560 propius
951 4491 1039 4546 55551.

449 4575 470 4642 ¹)
489 4576 682 4647 Bernhardyus
705 4583 734 4632 51
754 4578 962 4635 Cataetcrismos
985 4595 1020 4634 ex
1038 4579 1146 4650 Hygino
1165 4595 1257 4635 versos
1277 4596 1351 4646 esso,
1375 4579 1415 4634 ita
1434 4597 1613 4650 quaecunque
1633 4581 1660 4635 in
1680 4579 1834 4648 Astrologia
1852 4599 1885 4636 ox

359 4663 543 4720 Eratosthene
561 4671 720 4733 narrantur,
743 4667 778 4722 ad
798 4667 965 4722 Mercurium
988 4667 1135 4723 5515555115
1161 4685 1221 4723 osse
1240 4669 1361 4739 putavit3
1385 4685 1466 4739 quam
1485 4669 1640 4738 opinionem
1661 4670 1704 4724 hio
1725 4669 1805 4724 verbo
1824 4672 1884 4725 teti·

360 4751 432 4822 gissa
451 4751 519 4808 satis
538 4755 633 4810 habeo.
670 4755 742 4810 ultro
761 4753 834 4811 enim
853 4755 980 4824 concidit,
1000 4773 1061 4812 555
1080 4757 1288 4813 0515515515555
1308 4774 1341 4813 ex
1360 4757 1468 4828 Hygino
1487 4757 1599 4812 fluxisse
1618 4759 1693 4812 nullo
1713 4739 1885 4828 modo'possc

360 4841 585 4898 intellexerimus.
632 4850 752 4900 ceterum
781 4861 852 4914 quae
880 4846 914 4900 do
942 4845 1080 4902 Mercurio
1108 4847 1301 4918 Bernhardyns
1328 4847 1455 4916 protulit,
1484 4863 1518 4901 ca
1545 4854 1618 4902 staro
1646 4863 1699 4901 non
1728 4863 1807 4917 posse
1834 4847 1885 4904 155

360 4929 517 4987 5151555155
536 4931 674 4987 intellexit
692 4936 754 5000 (An.
773 4935 817 4990 nl.
837 4952 863 5005 p.
883 4935 954 5003 355),
973 4952 1044 4991 5555
1063 4936 1260 5002 iunctarum,
1279 4936 1383 5005 opinor,
1402 4935 1534 4992 551515ιί1
1548 4935 1671 4991 Hillerus
1689 4937 1886 5002 (Eratosthenis

360 5037 442 5076 carm.
461 5021 511 5078 rel.
530 5039 556 5092 p.
576 5023 628 5091 65).
